[
    {
        "ORDERNUMBER": 10208,
        "PRODUCTCODE": "S18_4522",
        "attributes": [
            {
                "QUANTITYORDERED": 45,
                "PRICEEACH": 87.77,
                "SALES": 3949.65,
                "ORDERDATE": "1/2/2004 0:00",
                "STATUS": "Shipped",
                "PRODUCTLINE": "Vintage Cars",
                "MSRP": 87
            }
        ]
    },
    {
        "ORDERNUMBER": 10208,
        "PRODUCTCODE": "S24_3151",
        "attributes": [
            {
                "QUANTITYORDERED": 20,
                "PRICEEACH": 89.4,
                "SALES": 1788.0,
                "ORDERDATE": "1/2/2004 0:00",
                "STATUS": "Shipped",
                "PRODUCTLINE": "Vintage Cars",
                "MSRP": 88
            }
        ]
    },
    {
        "ORDERNUMBER": 10208,
        "PRODUCTCODE": "S50_1514",
        "attributes": [
            {
                "QUANTITYORDERED": 30,
                "PRICEEACH": 65.61,
                "SALES": 1968.3,
                "ORDERDATE": "1/2/2004 0:00",
                "STATUS": "Shipped",
                "PRODUCTLINE": "Trains",
                "MSRP": 58
            }
        ]
    },
    {
        "ORDERNUMBER": 10208,
        "PRODUCTCODE": "S700_1138",
        "attributes": [
            {
                "QUANTITYORDERED": 38,
                "PRICEEACH": 74.67,
                "SALES": 2837.46,
                "ORDERDATE": "1/2/2004 0:00",
                "STATUS": "Shipped",
                "PRODUCTLINE": "Ships",
                "MSRP": 66
            }
        ]
    },
    {
        "ORDERNUMBER": 10208,
        "PRODUCTCODE": "S700_1938",
        "attributes": [
            {
                "QUANTITYORDERED": 40,
                "PRICEEACH": 80.55,
                "SALES": 3222.0,
                "ORDERDATE": "1/2/2004 0:00",
                "STATUS": "Shipped",
                "PRODUCTLINE": "Ships",
                "MSRP": 86
            }
        ]
    },
    {
        "ORDERNUMBER": 10208,
        "PRODUCTCODE": "S700_2610",
        "attributes": [
            {
                "QUANTITYORDERED": 46,
                "PRICEEACH": 74.45,
                "SALES": 3424.7,
                "ORDERDATE": "1/2/2004 0:00",
                "STATUS": "Shipped",
                "PRODUCTLINE": "Ships",
                "MSRP": 72
            }
        ]
    },
    {
        "ORDERNUMBER": 10208,
        "PRODUCTCODE": "S700_3962",
        "attributes": [
            {
                "QUANTITYORDERED": 33,
                "PRICEEACH": 85.41,
                "SALES": 2818.53,
                "ORDERDATE": "1/2/2004 0:00",
                "STATUS": "Shipped",
                "PRODUCTLINE": "Ships",
                "MSRP": 99
            }
        ]
    },
    {
        "ORDERNUMBER": 10208,
        "PRODUCTCODE": "S72_3212",
        "attributes": [
            {
                "QUANTITYORDERED": 42,
                "PRICEEACH": 63.88,
                "SALES": 2682.96,
                "ORDERDATE": "1/2/2004 0:00",
                "STATUS": "Shipped",
                "PRODUCTLINE": "Ships",
                "MSRP": 54
            }
        ]
    },
    {
        "ORDERNUMBER": 10209,
        "PRODUCTCODE": "S24_2841",
        "attributes": [
            {
                "QUANTITYORDERED": 43,
                "PRICEEACH": 82.21,
                "SALES": 3535.03,
                "ORDERDATE": "1/9/2004 0:00",
                "STATUS": "Shipped",
                "PRODUCTLINE": "Planes",
                "MSRP": 68
            }
        ]
    },
    {
        "ORDERNUMBER": 10209,
        "PRODUCTCODE": "S24_3420",
        "attributes": [
            {
                "QUANTITYORDERED": 36,
                "PRICEEACH": 77.59,
                "SALES": 2793.24,
                "ORDERDATE": "1/9/2004 0:00",
                "STATUS": "Shipped",
                "PRODUCTLINE": "Vintage Cars",
                "MSRP": 65
            }
        ]
    },
    {
        "ORDERNUMBER": 10209,
        "PRODUCTCODE": "S24_3816",
        "attributes": [
            {
                "QUANTITYORDERED": 22,
                "PRICEEACH": 89.73,
                "SALES": 1974.06,
                "ORDERDATE": "1/9/2004 0:00",
                "STATUS": "Shipped",
                "PRODUCTLINE": "Vintage Cars",
                "MSRP": 83
            }
        ]
    },
    {
        "ORDERNUMBER": 10209,
        "PRODUCTCODE": "S700_2047",
        "attributes": [
            {
                "QUANTITYORDERED": 33,
                "PRICEEACH": 88.71,
                "SALES": 2927.43,
                "ORDERDATE": "1/9/2004 0:00",
                "STATUS": "Shipped",
                "PRODUCTLINE": "Ships",
                "MSRP": 90
            }
        ]
    },
    {
        "ORDERNUMBER": 10209,
        "PRODUCTCODE": "S72_1253",
        "attributes": [
            {
                "QUANTITYORDERED": 48,
                "PRICEEACH": 44.69,
                "SALES": 2145.12,
                "ORDERDATE": "1/9/2004 0:00",
                "STATUS": "Shipped",
                "PRODUCTLINE": "Planes",
                "MSRP": 49
            }
        ]
    },
    {
        "ORDERNUMBER": 10210,
        "PRODUCTCODE": "S18_2581",
        "attributes": [
            {
                "QUANTITYORDERED": 50,
                "PRICEEACH": 76.88,
                "SALES": 3844.0,
                "ORDERDATE": "1/12/2004 0:00",
                "STATUS": "Shipped",
                "PRODUCTLINE": "Planes",
                "MSRP": 84
            }
        ]
    },
    {
        "ORDERNUMBER": 10210,
        "PRODUCTCODE": "S18_2625",
        "attributes": [
            {
                "QUANTITYORDERED": 40,
                "PRICEEACH": 49.67,
                "SALES": 1986.8,
                "ORDERDATE": "1/12/2004 0:00",
                "STATUS": "Shipped",
                "PRODUCTLINE": "Motorcycles",
                "MSRP": 60
            }
        ]
    },
    {
        "ORDERNUMBER": 10210,
        "PRODUCTCODE": "S24_1785",
        "attributes": [
            {
                "QUANTITYORDERED": 27,
                "PRICEEACH": 98.48,
                "SALES": 2658.96,
                "ORDERDATE": "1/12/2004 0:00",
                "STATUS": "Shipped",
                "PRODUCTLINE": "Planes",
                "MSRP": 109
            }
        ]
    },
    {
        "ORDERNUMBER": 10210,
        "PRODUCTCODE": "S24_2000",
        "attributes": [
            {
                "QUANTITYORDERED": 30,
                "PRICEEACH": 61.7,
                "SALES": 1851.0,
                "ORDERDATE": "1/12/2004 0:00",
                "STATUS": "Shipped",
                "PRODUCTLINE": "Motorcycles",
                "MSRP": 76
            }
        ]
    },
    {
        "ORDERNUMBER": 10210,
        "PRODUCTCODE": "S24_3949",
        "attributes": [
            {
                "QUANTITYORDERED": 29,
                "PRICEEACH": 69.6,
                "SALES": 2018.4,
                "ORDERDATE": "1/12/2004 0:00",
                "STATUS": "Shipped",
                "PRODUCTLINE": "Planes",
                "MSRP": 68
            }
        ]
    },
    {
        "ORDERNUMBER": 10210,
        "PRODUCTCODE": "S24_4278",
        "attributes": [
            {
                "QUANTITYORDERED": 40,
                "PRICEEACH": 71.0,
                "SALES": 2840.0,
                "ORDERDATE": "1/12/2004 0:00",
                "STATUS": "Shipped",
                "PRODUCTLINE": "Planes",
                "MSRP": 72
            }
        ]
    },
    {
        "ORDERNUMBER": 10210,
        "PRODUCTCODE": "S32_1374",
        "attributes": [
            {
                "QUANTITYORDERED": 46,
                "PRICEEACH": 79.91,
                "SALES": 3675.86,
                "ORDERDATE": "1/12/2004 0:00",
                "STATUS": "Shipped",
                "PRODUCTLINE": "Motorcycles",
                "MSRP": 99
            }
        ]
    },
    {
        "ORDERNUMBER": 10210,
        "PRODUCTCODE": "S32_4289",
        "attributes": [
            {
                "QUANTITYORDERED": 39,
                "PRICEEACH": 59.16,
                "SALES": 2307.24,
                "ORDERDATE": "1/12/2004 0:00",
                "STATUS": "Shipped",
                "PRODUCTLINE": "Vintage Cars",
                "MSRP": 68
            }
        ]
    },
    {
        "ORDERNUMBER": 10210,
        "PRODUCTCODE": "S50_1341",
        "attributes": [
            {
                "QUANTITYORDERED": 43,
                "PRICEEACH": 41.02,
                "SALES": 1763.86,
                "ORDERDATE": "1/12/2004 0:00",
                "STATUS": "Shipped",
                "PRODUCTLINE": "Vintage Cars",
                "MSRP": 43
            }
        ]
    },
    {
        "ORDERNUMBER": 10210,
        "PRODUCTCODE": "S700_1691",
        "attributes": [
            {
                "QUANTITYORDERED": 21,
                "PRICEEACH": 78.55,
                "SALES": 1649.55,
                "ORDERDATE": "1/12/2004 0:00",
                "STATUS": "Shipped",
                "PRODUCTLINE": "Planes",
                "MSRP": 91
            }
        ]
    },
    {
        "ORDERNUMBER": 10210,
        "PRODUCTCODE": "S700_2466",
        "attributes": [
            {
                "QUANTITYORDERED": 26,
                "PRICEEACH": 99.72,
                "SALES": 2592.72,
                "ORDERDATE": "1/12/2004 0:00",
                "STATUS": "Shipped",
                "PRODUCTLINE": "Planes",
                "MSRP": 99
            }
        ]
    },
    {
        "ORDERNUMBER": 10210,
        "PRODUCTCODE": "S700_3167",
        "attributes": [
            {
                "QUANTITYORDERED": 31,
                "PRICEEACH": 86.4,
                "SALES": 2678.4,
                "ORDERDATE": "1/12/2004 0:00",
                "STATUS": "Shipped",
                "PRODUCTLINE": "Planes",
                "MSRP": 80
            }
        ]
    },
    {
        "ORDERNUMBER": 10210,
        "PRODUCTCODE": "S700_4002",
        "attributes": [
            {
                "QUANTITYORDERED": 42,
                "PRICEEACH": 70.33,
                "SALES": 2953.86,
                "ORDERDATE": "1/12/2004 0:00",
                "STATUS": "Shipped",
                "PRODUCTLINE": "Planes",
                "MSRP": 74
            }
        ]
    },
    {
        "ORDERNUMBER": 10211,
        "PRODUCTCODE": "S12_3990",
        "attributes": [
            {
                "QUANTITYORDERED": 28,
                "PRICEEACH": 92.57,
                "SALES": 2591.96,
                "ORDERDATE": "1/15/2004 0:00",
                "STATUS": "Shipped",
                "PRODUCTLINE": "Classic Cars",
                "MSRP": 79
            }
        ]
    },
    {
        "ORDERNUMBER": 10211,
        "PRODUCTCODE": "S18_3278",
        "attributes": [
            {
                "QUANTITYORDERED": 35,
                "PRICEEACH": 78.0,
                "SALES": 2730.0,
                "ORDERDATE": "1/15/2004 0:00",
                "STATUS": "Shipped",
                "PRODUCTLINE": "Classic Cars",
                "MSRP": 80
            }
        ]
    },
    {
        "ORDERNUMBER": 10211,
        "PRODUCTCODE": "S18_3782",
        "attributes": [
            {
                "QUANTITYORDERED": 46,
                "PRICEEACH": 54.09,
                "SALES": 2488.14,
                "ORDERDATE": "1/15/2004 0:00",
                "STATUS": "Shipped",
                "PRODUCTLINE": "Motorcycles",
                "MSRP": 62
            }
        ]
    },
    {
        "ORDERNUMBER": 10211,
        "PRODUCTCODE": "S24_1578",
        "attributes": [
            {
                "QUANTITYORDERED": 25,
                "PRICEEACH": 90.16,
                "SALES": 2254.0,
                "ORDERDATE": "1/15/2004 0:00",
                "STATUS": "Shipped",
                "PRODUCTLINE": "Motorcycles",
                "MSRP": 112
            }
        ]
    },
    {
        "ORDERNUMBER": 10211,
        "PRODUCTCODE": "S24_2360",
        "attributes": [
            {
                "QUANTITYORDERED": 21,
                "PRICEEACH": 63.72,
                "SALES": 1338.12,
                "ORDERDATE": "1/15/2004 0:00",
                "STATUS": "Shipped",
                "PRODUCTLINE": "Motorcycles",
                "MSRP": 69
            }
        ]
    },
    {
        "ORDERNUMBER": 10211,
        "PRODUCTCODE": "S24_3371",
        "attributes": [
            {
                "QUANTITYORDERED": 48,
                "PRICEEACH": 48.98,
                "SALES": 2351.04,
                "ORDERDATE": "1/15/2004 0:00",
                "STATUS": "Shipped",
                "PRODUCTLINE": "Classic Cars",
                "MSRP": 61
            }
        ]
    },
    {
        "ORDERNUMBER": 10211,
        "PRODUCTCODE": "S24_4620",
        "attributes": [
            {
                "QUANTITYORDERED": 22,
                "PRICEEACH": 92.16,
                "SALES": 2027.52,
                "ORDERDATE": "1/15/2004 0:00",
                "STATUS": "Shipped",
                "PRODUCTLINE": "Classic Cars",
                "MSRP": 80
            }
        ]
    },
    {
        "ORDERNUMBER": 10211,
        "PRODUCTCODE": "S32_2206",
        "attributes": [
            {
                "QUANTITYORDERED": 41,
                "PRICEEACH": 42.24,
                "SALES": 1731.84,
                "ORDERDATE": "1/15/2004 0:00",
                "STATUS": "Shipped",
                "PRODUCTLINE": "Motorcycles",
                "MSRP": 40
            }
        ]
    },
    {
        "ORDERNUMBER": 10211,
        "PRODUCTCODE": "S50_4713",
        "attributes": [
            {
                "QUANTITYORDERED": 40,
                "PRICEEACH": 80.55,
                "SALES": 3222.0,
                "ORDERDATE": "1/15/2004 0:00",
                "STATUS": "Shipped",
                "PRODUCTLINE": "Motorcycles",
                "MSRP": 81
            }
        ]
    },
    {
        "ORDERNUMBER": 10212,
        "PRODUCTCODE": "S18_1889",
        "attributes": [
            {
                "QUANTITYORDERED": 20,
                "PRICEEACH": 66.99,
                "SALES": 1339.8,
                "ORDERDATE": "1/16/2004 0:00",
                "STATUS": "Shipped",
                "PRODUCTLINE": "Classic Cars",
                "MSRP": 77
            }
        ]
    },
    {
        "ORDERNUMBER": 10212,
        "PRODUCTCODE": "S24_1046",
        "attributes": [
            {
                "QUANTITYORDERED": 41,
                "PRICEEACH": 82.31,
                "SALES": 3374.71,
                "ORDERDATE": "1/16/2004 0:00",
                "STATUS": "Shipped",
                "PRODUCTLINE": "Classic Cars",
                "MSRP": 73
            }
        ]
    },
    {
        "ORDERNUMBER": 10212,
        "PRODUCTCODE": "S24_1628",
        "attributes": [
            {
                "QUANTITYORDERED": 45,
                "PRICEEACH": 53.33,
                "SALES": 2399.85,
                "ORDERDATE": "1/16/2004 0:00",
                "STATUS": "Shipped",
                "PRODUCTLINE": "Classic Cars",
                "MSRP": 50
            }
        ]
    },
    {
        "ORDERNUMBER": 10212,
        "PRODUCTCODE": "S24_2766",
        "attributes": [
            {
                "QUANTITYORDERED": 45,
                "PRICEEACH": 88.14,
                "SALES": 3966.3,
                "ORDERDATE": "1/16/2004 0:00",
                "STATUS": "Shipped",
                "PRODUCTLINE": "Classic Cars",
                "MSRP": 90
            }
        ]
    },
    {
        "ORDERNUMBER": 10212,
        "PRODUCTCODE": "S24_2972",
        "attributes": [
            {
                "QUANTITYORDERED": 34,
                "PRICEEACH": 43.42,
                "SALES": 1476.28,
                "ORDERDATE": "1/16/2004 0:00",
                "STATUS": "Shipped",
                "PRODUCTLINE": "Classic Cars",
                "MSRP": 37
            }
        ]
    },
    {
        "ORDERNUMBER": 10212,
        "PRODUCTCODE": "S24_3191",
        "attributes": [
            {
                "QUANTITYORDERED": 27,
                "PRICEEACH": 79.62,
                "SALES": 2149.74,
                "ORDERDATE": "1/16/2004 0:00",
                "STATUS": "Shipped",
                "PRODUCTLINE": "Classic Cars",
                "MSRP": 85
            }
        ]
    },
    {
        "ORDERNUMBER": 10212,
        "PRODUCTCODE": "S24_3432",
        "attributes": [
            {
                "QUANTITYORDERED": 46,
                "PRICEEACH": 87.81,
                "SALES": 4039.26,
                "ORDERDATE": "1/16/2004 0:00",
                "STATUS": "Shipped",
                "PRODUCTLINE": "Classic Cars",
                "MSRP": 107
            }
        ]
    },
    {
        "ORDERNUMBER": 10213,
        "PRODUCTCODE": "S18_4409",
        "attributes": [
            {
                "QUANTITYORDERED": 38,
                "PRICEEACH": 94.79,
                "SALES": 3602.02,
                "ORDERDATE": "1/22/2004 0:00",
                "STATUS": "Shipped",
                "PRODUCTLINE": "Vintage Cars",
                "MSRP": 92
            }
        ]
    },
    {
        "ORDERNUMBER": 10213,
        "PRODUCTCODE": "S18_4933",
        "attributes": [
            {
                "QUANTITYORDERED": 25,
                "PRICEEACH": 83.39,
                "SALES": 2084.75,
                "ORDERDATE": "1/22/2004 0:00",
                "STATUS": "Shipped",
                "PRODUCTLINE": "Classic Cars",
                "MSRP": 71
            }
        ]
    },
    {
        "ORDERNUMBER": 10214,
        "PRODUCTCODE": "S18_2248",
        "attributes": [
            {
                "QUANTITYORDERED": 21,
                "PRICEEACH": 62.96,
                "SALES": 1322.16,
                "ORDERDATE": "1/26/2004 0:00",
                "STATUS": "Shipped",
                "PRODUCTLINE": "Vintage Cars",
                "MSRP": 60
            }
        ]
    },
    {
        "ORDERNUMBER": 10214,
        "PRODUCTCODE": "S24_1937",
        "attributes": [
            {
                "QUANTITYORDERED": 20,
                "PRICEEACH": 34.19,
                "SALES": 683.8,
                "ORDERDATE": "1/26/2004 0:00",
                "STATUS": "Shipped",
                "PRODUCTLINE": "Vintage Cars",
                "MSRP": 33
            }
        ]
    },
    {
        "ORDERNUMBER": 10214,
        "PRODUCTCODE": "S24_2022",
        "attributes": [
            {
                "QUANTITYORDERED": 49,
                "PRICEEACH": 47.94,
                "SALES": 2349.06,
                "ORDERDATE": "1/26/2004 0:00",
                "STATUS": "Shipped",
                "PRODUCTLINE": "Vintage Cars",
                "MSRP": 44
            }
        ]
    },
    {
        "ORDERNUMBER": 10214,
        "PRODUCTCODE": "S24_3969",
        "attributes": [
            {
                "QUANTITYORDERED": 44,
                "PRICEEACH": 34.88,
                "SALES": 1534.72,
                "ORDERDATE": "1/26/2004 0:00",
                "STATUS": "Shipped",
                "PRODUCTLINE": "Vintage Cars",
                "MSRP": 41
            }
        ]
    },
    {
        "ORDERNUMBER": 10215,
        "PRODUCTCODE": "S18_1342",
        "attributes": [
            {
                "QUANTITYORDERED": 27,
                "PRICEEACH": 89.38,
                "SALES": 2413.26,
                "ORDERDATE": "1/29/2004 0:00",
                "STATUS": "Shipped",
                "PRODUCTLINE": "Vintage Cars",
                "MSRP": 102
            }
        ]
    },
    {
        "ORDERNUMBER": 10215,
        "PRODUCTCODE": "S18_1367",
        "attributes": [
            {
                "QUANTITYORDERED": 33,
                "PRICEEACH": 43.13,
                "SALES": 1423.29,
                "ORDERDATE": "1/29/2004 0:00",
                "STATUS": "Shipped",
                "PRODUCTLINE": "Vintage Cars",
                "MSRP": 53
            }
        ]
    },
    {
        "ORDERNUMBER": 10215,
        "PRODUCTCODE": "S18_2957",
        "attributes": [
            {
                "QUANTITYORDERED": 31,
                "PRICEEACH": 58.71,
                "SALES": 1820.01,
                "ORDERDATE": "1/29/2004 0:00",
                "STATUS": "Shipped",
                "PRODUCTLINE": "Vintage Cars",
                "MSRP": 62
            }
        ]
    },
    {
        "ORDERNUMBER": 10215,
        "PRODUCTCODE": "S18_4668",
        "attributes": [
            {
                "QUANTITYORDERED": 46,
                "PRICEEACH": 45.28,
                "SALES": 2082.88,
                "ORDERDATE": "1/29/2004 0:00",
                "STATUS": "Shipped",
                "PRODUCTLINE": "Vintage Cars",
                "MSRP": 50
            }
        ]
    },
    {
        "ORDERNUMBER": 10215,
        "PRODUCTCODE": "S24_4258",
        "attributes": [
            {
                "QUANTITYORDERED": 39,
                "PRICEEACH": 90.57,
                "SALES": 3532.23,
                "ORDERDATE": "1/29/2004 0:00",
                "STATUS": "Shipped",
                "PRODUCTLINE": "Vintage Cars",
                "MSRP": 97
            }
        ]
    },
    {
        "ORDERNUMBER": 10217,
        "PRODUCTCODE": "S18_2432",
        "attributes": [
            {
                "QUANTITYORDERED": 35,
                "PRICEEACH": 61.38,
                "SALES": 2148.3,
                "ORDERDATE": "2/4/2004 0:00",
                "STATUS": "Shipped",
                "PRODUCTLINE": "Trucks and Buses",
                "MSRP": 60
            }
        ]
    },
    {
        "ORDERNUMBER": 10217,
        "PRODUCTCODE": "S32_3522",
        "attributes": [
            {
                "QUANTITYORDERED": 39,
                "PRICEEACH": 62.05,
                "SALES": 2419.95,
                "ORDERDATE": "2/4/2004 0:00",
                "STATUS": "Shipped",
                "PRODUCTLINE": "Trucks and Buses",
                "MSRP": 64
            }
        ]
    },
    {
        "ORDERNUMBER": 10217,
        "PRODUCTCODE": "S700_2824",
        "attributes": [
            {
                "QUANTITYORDERED": 31,
                "PRICEEACH": 88.0,
                "SALES": 2728.0,
                "ORDERDATE": "2/4/2004 0:00",
                "STATUS": "Shipped",
                "PRODUCTLINE": "Classic Cars",
                "MSRP": 101
            }
        ]
    },
    {
        "ORDERNUMBER": 10219,
        "PRODUCTCODE": "S24_2840",
        "attributes": [
            {
                "QUANTITYORDERED": 21,
                "PRICEEACH": 40.31,
                "SALES": 846.51,
                "ORDERDATE": "2/10/2004 0:00",
                "STATUS": "Shipped",
                "PRODUCTLINE": "Classic Cars",
                "MSRP": 35
            }
        ]
    },
    {
        "ORDERNUMBER": 10219,
        "PRODUCTCODE": "S32_2509",
        "attributes": [
            {
                "QUANTITYORDERED": 35,
                "PRICEEACH": 55.19,
                "SALES": 1931.65,
                "ORDERDATE": "2/10/2004 0:00",
                "STATUS": "Shipped",
                "PRODUCTLINE": "Trucks and Buses",
                "MSRP": 54
            }
        ]
    },
    {
        "ORDERNUMBER": 10220,
        "PRODUCTCODE": "S24_1444",
        "attributes": [
            {
                "QUANTITYORDERED": 26,
                "PRICEEACH": 56.07,
                "SALES": 1457.82,
                "ORDERDATE": "2/12/2004 0:00",
                "STATUS": "Shipped",
                "PRODUCTLINE": "Classic Cars",
                "MSRP": 57
            }
        ]
    },
    {
        "ORDERNUMBER": 10220,
        "PRODUCTCODE": "S32_3207",
        "attributes": [
            {
                "QUANTITYORDERED": 20,
                "PRICEEACH": 52.82,
                "SALES": 1056.4,
                "ORDERDATE": "2/12/2004 0:00",
                "STATUS": "Shipped",
                "PRODUCTLINE": "Trains",
                "MSRP": 62
            }
        ]
    },
    {
        "ORDERNUMBER": 10220,
        "PRODUCTCODE": "S50_1514",
        "attributes": [
            {
                "QUANTITYORDERED": 30,
                "PRICEEACH": 68.54,
                "SALES": 2056.2,
                "ORDERDATE": "2/12/2004 0:00",
                "STATUS": "Shipped",
                "PRODUCTLINE": "Trains",
                "MSRP": 58
            }
        ]
    },
    {
        "ORDERNUMBER": 10221,
        "PRODUCTCODE": "S18_3259",
        "attributes": [
            {
                "QUANTITYORDERED": 23,
                "PRICEEACH": 80.67,
                "SALES": 1855.41,
                "ORDERDATE": "2/18/2004 0:00",
                "STATUS": "Shipped",
                "PRODUCTLINE": "Trains",
                "MSRP": 100
            }
        ]
    },
    {
        "ORDERNUMBER": 10221,
        "PRODUCTCODE": "S18_4522",
        "attributes": [
            {
                "QUANTITYORDERED": 39,
                "PRICEEACH": 89.53,
                "SALES": 3491.67,
                "ORDERDATE": "2/18/2004 0:00",
                "STATUS": "Shipped",
                "PRODUCTLINE": "Vintage Cars",
                "MSRP": 87
            }
        ]
    },
    {
        "ORDERNUMBER": 10221,
        "PRODUCTCODE": "S700_1938",
        "attributes": [
            {
                "QUANTITYORDERED": 23,
                "PRICEEACH": 97.0,
                "SALES": 2231.0,
                "ORDERDATE": "2/18/2004 0:00",
                "STATUS": "Shipped",
                "PRODUCTLINE": "Ships",
                "MSRP": 86
            }
        ]
    },
    {
        "ORDERNUMBER": 10222,
        "PRODUCTCODE": "S18_3029",
        "attributes": [
            {
                "QUANTITYORDERED": 49,
                "PRICEEACH": 94.62,
                "SALES": 4636.38,
                "ORDERDATE": "2/19/2004 0:00",
                "STATUS": "Shipped",
                "PRODUCTLINE": "Ships",
                "MSRP": 86
            }
        ]
    },
    {
        "ORDERNUMBER": 10222,
        "PRODUCTCODE": "S18_3856",
        "attributes": [
            {
                "QUANTITYORDERED": 45,
                "PRICEEACH": 85.75,
                "SALES": 3858.75,
                "ORDERDATE": "2/19/2004 0:00",
                "STATUS": "Shipped",
                "PRODUCTLINE": "Vintage Cars",
                "MSRP": 105
            }
        ]
    },
    {
        "ORDERNUMBER": 10222,
        "PRODUCTCODE": "S24_2841",
        "attributes": [
            {
                "QUANTITYORDERED": 32,
                "PRICEEACH": 81.53,
                "SALES": 2608.96,
                "ORDERDATE": "2/19/2004 0:00",
                "STATUS": "Shipped",
                "PRODUCTLINE": "Planes",
                "MSRP": 68
            }
        ]
    },
    {
        "ORDERNUMBER": 10222,
        "PRODUCTCODE": "S24_3151",
        "attributes": [
            {
                "QUANTITYORDERED": 47,
                "PRICEEACH": 70.81,
                "SALES": 3328.07,
                "ORDERDATE": "2/19/2004 0:00",
                "STATUS": "Shipped",
                "PRODUCTLINE": "Vintage Cars",
                "MSRP": 88
            }
        ]
    },
    {
        "ORDERNUMBER": 10222,
        "PRODUCTCODE": "S24_3420",
        "attributes": [
            {
                "QUANTITYORDERED": 43,
                "PRICEEACH": 70.35,
                "SALES": 3025.05,
                "ORDERDATE": "2/19/2004 0:00",
                "STATUS": "Shipped",
                "PRODUCTLINE": "Vintage Cars",
                "MSRP": 65
            }
        ]
    },
    {
        "ORDERNUMBER": 10222,
        "PRODUCTCODE": "S24_3816",
        "attributes": [
            {
                "QUANTITYORDERED": 46,
                "PRICEEACH": 80.51,
                "SALES": 3703.46,
                "ORDERDATE": "2/19/2004 0:00",
                "STATUS": "Shipped",
                "PRODUCTLINE": "Vintage Cars",
                "MSRP": 83
            }
        ]
    },
    {
        "ORDERNUMBER": 10222,
        "PRODUCTCODE": "S24_3949",
        "attributes": [
            {
                "QUANTITYORDERED": 48,
                "PRICEEACH": 56.64,
                "SALES": 2718.72,
                "ORDERDATE": "2/19/2004 0:00",
                "STATUS": "Shipped",
                "PRODUCTLINE": "Planes",
                "MSRP": 68
            }
        ]
    },
    {
        "ORDERNUMBER": 10222,
        "PRODUCTCODE": "S700_1138",
        "attributes": [
            {
                "QUANTITYORDERED": 31,
                "PRICEEACH": 62.67,
                "SALES": 1942.77,
                "ORDERDATE": "2/19/2004 0:00",
                "STATUS": "Shipped",
                "PRODUCTLINE": "Ships",
                "MSRP": 66
            }
        ]
    },
    {
        "ORDERNUMBER": 10222,
        "PRODUCTCODE": "S700_2466",
        "attributes": [
            {
                "QUANTITYORDERED": 37,
                "PRICEEACH": 87.75,
                "SALES": 3246.75,
                "ORDERDATE": "2/19/2004 0:00",
                "STATUS": "Shipped",
                "PRODUCTLINE": "Planes",
                "MSRP": 99
            }
        ]
    },
    {
        "ORDERNUMBER": 10222,
        "PRODUCTCODE": "S700_2610",
        "attributes": [
            {
                "QUANTITYORDERED": 36,
                "PRICEEACH": 80.95,
                "SALES": 2914.2,
                "ORDERDATE": "2/19/2004 0:00",
                "STATUS": "Shipped",
                "PRODUCTLINE": "Ships",
                "MSRP": 72
            }
        ]
    },
    {
        "ORDERNUMBER": 10222,
        "PRODUCTCODE": "S700_3962",
        "attributes": [
            {
                "QUANTITYORDERED": 31,
                "PRICEEACH": 95.34,
                "SALES": 2955.54,
                "ORDERDATE": "2/19/2004 0:00",
                "STATUS": "Shipped",
                "PRODUCTLINE": "Ships",
                "MSRP": 99
            }
        ]
    },
    {
        "ORDERNUMBER": 10222,
        "PRODUCTCODE": "S700_4002",
        "attributes": [
            {
                "QUANTITYORDERED": 43,
                "PRICEEACH": 74.03,
                "SALES": 3183.29,
                "ORDERDATE": "2/19/2004 0:00",
                "STATUS": "Shipped",
                "PRODUCTLINE": "Planes",
                "MSRP": 74
            }
        ]
    },
    {
        "ORDERNUMBER": 10222,
        "PRODUCTCODE": "S72_1253",
        "attributes": [
            {
                "QUANTITYORDERED": 31,
                "PRICEEACH": 45.69,
                "SALES": 1416.39,
                "ORDERDATE": "2/19/2004 0:00",
                "STATUS": "Shipped",
                "PRODUCTLINE": "Planes",
                "MSRP": 49
            }
        ]
    },
    {
        "ORDERNUMBER": 10222,
        "PRODUCTCODE": "S72_3212",
        "attributes": [
            {
                "QUANTITYORDERED": 36,
                "PRICEEACH": 63.34,
                "SALES": 2280.24,
                "ORDERDATE": "2/19/2004 0:00",
                "STATUS": "Shipped",
                "PRODUCTLINE": "Ships",
                "MSRP": 54
            }
        ]
    },
    {
        "ORDERNUMBER": 10223,
        "PRODUCTCODE": "S18_2625",
        "attributes": [
            {
                "QUANTITYORDERED": 28,
                "PRICEEACH": 60.57,
                "SALES": 1695.96,
                "ORDERDATE": "2/20/2004 0:00",
                "STATUS": "Shipped",
                "PRODUCTLINE": "Motorcycles",
                "MSRP": 60
            }
        ]
    },
    {
        "ORDERNUMBER": 10223,
        "PRODUCTCODE": "S24_1578",
        "attributes": [
            {
                "QUANTITYORDERED": 32,
                "PRICEEACH": 91.29,
                "SALES": 2921.28,
                "ORDERDATE": "2/20/2004 0:00",
                "STATUS": "Shipped",
                "PRODUCTLINE": "Motorcycles",
                "MSRP": 112
            }
        ]
    },
    {
        "ORDERNUMBER": 10223,
        "PRODUCTCODE": "S24_2000",
        "attributes": [
            {
                "QUANTITYORDERED": 38,
                "PRICEEACH": 69.31,
                "SALES": 2633.78,
                "ORDERDATE": "2/20/2004 0:00",
                "STATUS": "Shipped",
                "PRODUCTLINE": "Motorcycles",
                "MSRP": 76
            }
        ]
    },
    {
        "ORDERNUMBER": 10223,
        "PRODUCTCODE": "S24_4278",
        "attributes": [
            {
                "QUANTITYORDERED": 23,
                "PRICEEACH": 74.62,
                "SALES": 1716.26,
                "ORDERDATE": "2/20/2004 0:00",
                "STATUS": "Shipped",
                "PRODUCTLINE": "Planes",
                "MSRP": 72
            }
        ]
    },
    {
        "ORDERNUMBER": 10223,
        "PRODUCTCODE": "S32_4289",
        "attributes": [
            {
                "QUANTITYORDERED": 20,
                "PRICEEACH": 66.04,
                "SALES": 1320.8,
                "ORDERDATE": "2/20/2004 0:00",
                "STATUS": "Shipped",
                "PRODUCTLINE": "Vintage Cars",
                "MSRP": 68
            }
        ]
    },
    {
        "ORDERNUMBER": 10223,
        "PRODUCTCODE": "S50_1341",
        "attributes": [
            {
                "QUANTITYORDERED": 41,
                "PRICEEACH": 46.26,
                "SALES": 1896.66,
                "ORDERDATE": "2/20/2004 0:00",
                "STATUS": "Shipped",
                "PRODUCTLINE": "Vintage Cars",
                "MSRP": 43
            }
        ]
    },
    {
        "ORDERNUMBER": 10223,
        "PRODUCTCODE": "S700_3167",
        "attributes": [
            {
                "QUANTITYORDERED": 26,
                "PRICEEACH": 67.2,
                "SALES": 1747.2,
                "ORDERDATE": "2/20/2004 0:00",
                "STATUS": "Shipped",
                "PRODUCTLINE": "Planes",
                "MSRP": 80
            }
        ]
    },
    {
        "ORDERNUMBER": 10224,
        "PRODUCTCODE": "S18_3782",
        "attributes": [
            {
                "QUANTITYORDERED": 38,
                "PRICEEACH": 58.44,
                "SALES": 2220.72,
                "ORDERDATE": "2/21/2004 0:00",
                "STATUS": "Shipped",
                "PRODUCTLINE": "Motorcycles",
                "MSRP": 62
            }
        ]
    },
    {
        "ORDERNUMBER": 10224,
        "PRODUCTCODE": "S24_2360",
        "attributes": [
            {
                "QUANTITYORDERED": 37,
                "PRICEEACH": 80.34,
                "SALES": 2972.58,
                "ORDERDATE": "2/21/2004 0:00",
                "STATUS": "Shipped",
                "PRODUCTLINE": "Motorcycles",
                "MSRP": 69
            }
        ]
    },
    {
        "ORDERNUMBER": 10224,
        "PRODUCTCODE": "S32_2206",
        "attributes": [
            {
                "QUANTITYORDERED": 43,
                "PRICEEACH": 39.43,
                "SALES": 1695.49,
                "ORDERDATE": "2/21/2004 0:00",
                "STATUS": "Shipped",
                "PRODUCTLINE": "Motorcycles",
                "MSRP": 40
            }
        ]
    },
    {
        "ORDERNUMBER": 10224,
        "PRODUCTCODE": "S50_4713",
        "attributes": [
            {
                "QUANTITYORDERED": 50,
                "PRICEEACH": 77.29,
                "SALES": 3864.5,
                "ORDERDATE": "2/21/2004 0:00",
                "STATUS": "Shipped",
                "PRODUCTLINE": "Motorcycles",
                "MSRP": 81
            }
        ]
    },
    {
        "ORDERNUMBER": 10225,
        "PRODUCTCODE": "S12_3380",
        "attributes": [
            {
                "QUANTITYORDERED": 25,
                "PRICEEACH": 99.82,
                "SALES": 2495.5,
                "ORDERDATE": "2/22/2004 0:00",
                "STATUS": "Shipped",
                "PRODUCTLINE": "Classic Cars",
                "MSRP": 117
            }
        ]
    },
    {
        "ORDERNUMBER": 10225,
        "PRODUCTCODE": "S12_3990",
        "attributes": [
            {
                "QUANTITYORDERED": 37,
                "PRICEEACH": 77.41,
                "SALES": 2864.17,
                "ORDERDATE": "2/22/2004 0:00",
                "STATUS": "Shipped",
                "PRODUCTLINE": "Classic Cars",
                "MSRP": 79
            }
        ]
    },
    {
        "ORDERNUMBER": 10225,
        "PRODUCTCODE": "S18_1889",
        "attributes": [
            {
                "QUANTITYORDERED": 47,
                "PRICEEACH": 64.68,
                "SALES": 3039.96,
                "ORDERDATE": "2/22/2004 0:00",
                "STATUS": "Shipped",
                "PRODUCTLINE": "Classic Cars",
                "MSRP": 77
            }
        ]
    },
    {
        "ORDERNUMBER": 10225,
        "PRODUCTCODE": "S18_3278",
        "attributes": [
            {
                "QUANTITYORDERED": 37,
                "PRICEEACH": 95.69,
                "SALES": 3540.53,
                "ORDERDATE": "2/22/2004 0:00",
                "STATUS": "Shipped",
                "PRODUCTLINE": "Classic Cars",
                "MSRP": 80
            }
        ]
    },
    {
        "ORDERNUMBER": 10225,
        "PRODUCTCODE": "S24_2972",
        "attributes": [
            {
                "QUANTITYORDERED": 42,
                "PRICEEACH": 36.63,
                "SALES": 1538.46,
                "ORDERDATE": "2/22/2004 0:00",
                "STATUS": "Shipped",
                "PRODUCTLINE": "Classic Cars",
                "MSRP": 37
            }
        ]
    },
    {
        "ORDERNUMBER": 10225,
        "PRODUCTCODE": "S24_3371",
        "attributes": [
            {
                "QUANTITYORDERED": 24,
                "PRICEEACH": 50.21,
                "SALES": 1205.04,
                "ORDERDATE": "2/22/2004 0:00",
                "STATUS": "Shipped",
                "PRODUCTLINE": "Classic Cars",
                "MSRP": 61
            }
        ]
    },
    {
        "ORDERNUMBER": 10225,
        "PRODUCTCODE": "S24_4620",
        "attributes": [
            {
                "QUANTITYORDERED": 46,
                "PRICEEACH": 70.33,
                "SALES": 3235.18,
                "ORDERDATE": "2/22/2004 0:00",
                "STATUS": "Shipped",
                "PRODUCTLINE": "Classic Cars",
                "MSRP": 80
            }
        ]
    },
    {
        "ORDERNUMBER": 10226,
        "PRODUCTCODE": "S24_1046",
        "attributes": [
            {
                "QUANTITYORDERED": 21,
                "PRICEEACH": 60.26,
                "SALES": 1265.46,
                "ORDERDATE": "2/26/2004 0:00",
                "STATUS": "Shipped",
                "PRODUCTLINE": "Classic Cars",
                "MSRP": 73
            }
        ]
    },
    {
        "ORDERNUMBER": 10226,
        "PRODUCTCODE": "S24_1628",
        "attributes": [
            {
                "QUANTITYORDERED": 36,
                "PRICEEACH": 43.27,
                "SALES": 1557.72,
                "ORDERDATE": "2/26/2004 0:00",
                "STATUS": "Shipped",
                "PRODUCTLINE": "Classic Cars",
                "MSRP": 50
            }
        ]
    },
    {
        "ORDERNUMBER": 10226,
        "PRODUCTCODE": "S24_3432",
        "attributes": [
            {
                "QUANTITYORDERED": 48,
                "PRICEEACH": 92.09,
                "SALES": 4420.32,
                "ORDERDATE": "2/26/2004 0:00",
                "STATUS": "Shipped",
                "PRODUCTLINE": "Classic Cars",
                "MSRP": 107
            }
        ]
    },
    {
        "ORDERNUMBER": 10227,
        "PRODUCTCODE": "S18_1367",
        "attributes": [
            {
                "QUANTITYORDERED": 31,
                "PRICEEACH": 48.52,
                "SALES": 1504.12,
                "ORDERDATE": "3/2/2004 0:00",
                "STATUS": "Shipped",
                "PRODUCTLINE": "Vintage Cars",
                "MSRP": 53
            }
        ]
    },
    {
        "ORDERNUMBER": 10227,
        "PRODUCTCODE": "S18_2248",
        "attributes": [
            {
                "QUANTITYORDERED": 28,
                "PRICEEACH": 50.85,
                "SALES": 1423.8,
                "ORDERDATE": "3/2/2004 0:00",
                "STATUS": "Shipped",
                "PRODUCTLINE": "Vintage Cars",
                "MSRP": 60
            }
        ]
    },
    {
        "ORDERNUMBER": 10227,
        "PRODUCTCODE": "S18_4933",
        "attributes": [
            {
                "QUANTITYORDERED": 37,
                "PRICEEACH": 57.73,
                "SALES": 2136.01,
                "ORDERDATE": "3/2/2004 0:00",
                "STATUS": "Shipped",
                "PRODUCTLINE": "Classic Cars",
                "MSRP": 71
            }
        ]
    },
    {
        "ORDERNUMBER": 10227,
        "PRODUCTCODE": "S24_1937",
        "attributes": [
            {
                "QUANTITYORDERED": 42,
                "PRICEEACH": 29.21,
                "SALES": 1226.82,
                "ORDERDATE": "3/2/2004 0:00",
                "STATUS": "Shipped",
                "PRODUCTLINE": "Vintage Cars",
                "MSRP": 33
            }
        ]
    },
    {
        "ORDERNUMBER": 10227,
        "PRODUCTCODE": "S24_2022",
        "attributes": [
            {
                "QUANTITYORDERED": 24,
                "PRICEEACH": 48.38,
                "SALES": 1161.12,
                "ORDERDATE": "3/2/2004 0:00",
                "STATUS": "Shipped",
                "PRODUCTLINE": "Vintage Cars",
                "MSRP": 44
            }
        ]
    },
    {
        "ORDERNUMBER": 10227,
        "PRODUCTCODE": "S24_2766",
        "attributes": [
            {
                "QUANTITYORDERED": 47,
                "PRICEEACH": 88.14,
                "SALES": 4142.58,
                "ORDERDATE": "3/2/2004 0:00",
                "STATUS": "Shipped",
                "PRODUCTLINE": "Classic Cars",
                "MSRP": 90
            }
        ]
    },
    {
        "ORDERNUMBER": 10227,
        "PRODUCTCODE": "S24_3191",
        "attributes": [
            {
                "QUANTITYORDERED": 40,
                "PRICEEACH": 79.62,
                "SALES": 3184.8,
                "ORDERDATE": "3/2/2004 0:00",
                "STATUS": "Shipped",
                "PRODUCTLINE": "Classic Cars",
                "MSRP": 85
            }
        ]
    },
    {
        "ORDERNUMBER": 10227,
        "PRODUCTCODE": "S24_3969",
        "attributes": [
            {
                "QUANTITYORDERED": 27,
                "PRICEEACH": 43.9,
                "SALES": 1185.3,
                "ORDERDATE": "3/2/2004 0:00",
                "STATUS": "Shipped",
                "PRODUCTLINE": "Vintage Cars",
                "MSRP": 41
            }
        ]
    },
    {
        "ORDERNUMBER": 10228,
        "PRODUCTCODE": "S18_2957",
        "attributes": [
            {
                "QUANTITYORDERED": 45,
                "PRICEEACH": 63.71,
                "SALES": 2866.95,
                "ORDERDATE": "3/10/2004 0:00",
                "STATUS": "Shipped",
                "PRODUCTLINE": "Vintage Cars",
                "MSRP": 62
            }
        ]
    },
    {
        "ORDERNUMBER": 10229,
        "PRODUCTCODE": "S18_2432",
        "attributes": [
            {
                "QUANTITYORDERED": 28,
                "PRICEEACH": 59.55,
                "SALES": 1667.4,
                "ORDERDATE": "3/11/2004 0:00",
                "STATUS": "Shipped",
                "PRODUCTLINE": "Trucks and Buses",
                "MSRP": 60
            }
        ]
    },
    {
        "ORDERNUMBER": 10229,
        "PRODUCTCODE": "S18_4668",
        "attributes": [
            {
                "QUANTITYORDERED": 39,
                "PRICEEACH": 40.25,
                "SALES": 1569.75,
                "ORDERDATE": "3/11/2004 0:00",
                "STATUS": "Shipped",
                "PRODUCTLINE": "Vintage Cars",
                "MSRP": 50
            }
        ]
    },
    {
        "ORDERNUMBER": 10229,
        "PRODUCTCODE": "S24_2840",
        "attributes": [
            {
                "QUANTITYORDERED": 33,
                "PRICEEACH": 32.88,
                "SALES": 1085.04,
                "ORDERDATE": "3/11/2004 0:00",
                "STATUS": "Shipped",
                "PRODUCTLINE": "Classic Cars",
                "MSRP": 35
            }
        ]
    },
    {
        "ORDERNUMBER": 10229,
        "PRODUCTCODE": "S32_2509",
        "attributes": [
            {
                "QUANTITYORDERED": 23,
                "PRICEEACH": 54.11,
                "SALES": 1244.53,
                "ORDERDATE": "3/11/2004 0:00",
                "STATUS": "Shipped",
                "PRODUCTLINE": "Trucks and Buses",
                "MSRP": 54
            }
        ]
    },
    {
        "ORDERNUMBER": 10229,
        "PRODUCTCODE": "S32_3522",
        "attributes": [
            {
                "QUANTITYORDERED": 30,
                "PRICEEACH": 73.04,
                "SALES": 2191.2,
                "ORDERDATE": "3/11/2004 0:00",
                "STATUS": "Shipped",
                "PRODUCTLINE": "Trucks and Buses",
                "MSRP": 64
            }
        ]
    },
    {
        "ORDERNUMBER": 10230,
        "PRODUCTCODE": "S24_1444",
        "attributes": [
            {
                "QUANTITYORDERED": 36,
                "PRICEEACH": 54.33,
                "SALES": 1955.88,
                "ORDERDATE": "3/15/2004 0:00",
                "STATUS": "Shipped",
                "PRODUCTLINE": "Classic Cars",
                "MSRP": 57
            }
        ]
    },
    {
        "ORDERNUMBER": 10230,
        "PRODUCTCODE": "S32_3207",
        "attributes": [
            {
                "QUANTITYORDERED": 46,
                "PRICEEACH": 60.9,
                "SALES": 2801.4,
                "ORDERDATE": "3/15/2004 0:00",
                "STATUS": "Shipped",
                "PRODUCTLINE": "Trains",
                "MSRP": 62
            }
        ]
    },
    {
        "ORDERNUMBER": 10230,
        "PRODUCTCODE": "S50_1514",
        "attributes": [
            {
                "QUANTITYORDERED": 43,
                "PRICEEACH": 52.14,
                "SALES": 2242.02,
                "ORDERDATE": "3/15/2004 0:00",
                "STATUS": "Shipped",
                "PRODUCTLINE": "Trains",
                "MSRP": 58
            }
        ]
    },
    {
        "ORDERNUMBER": 10232,
        "PRODUCTCODE": "S18_3259",
        "attributes": [
            {
                "QUANTITYORDERED": 48,
                "PRICEEACH": 95.8,
                "SALES": 4598.4,
                "ORDERDATE": "3/20/2004 0:00",
                "STATUS": "Shipped",
                "PRODUCTLINE": "Trains",
                "MSRP": 100
            }
        ]
    },
    {
        "ORDERNUMBER": 10232,
        "PRODUCTCODE": "S18_4522",
        "attributes": [
            {
                "QUANTITYORDERED": 23,
                "PRICEEACH": 89.53,
                "SALES": 2059.19,
                "ORDERDATE": "3/20/2004 0:00",
                "STATUS": "Shipped",
                "PRODUCTLINE": "Vintage Cars",
                "MSRP": 87
            }
        ]
    },
    {
        "ORDERNUMBER": 10232,
        "PRODUCTCODE": "S700_1938",
        "attributes": [
            {
                "QUANTITYORDERED": 26,
                "PRICEEACH": 88.34,
                "SALES": 2296.84,
                "ORDERDATE": "3/20/2004 0:00",
                "STATUS": "Shipped",
                "PRODUCTLINE": "Ships",
                "MSRP": 86
            }
        ]
    },
    {
        "ORDERNUMBER": 10232,
        "PRODUCTCODE": "S700_3505",
        "attributes": [
            {
                "QUANTITYORDERED": 48,
                "PRICEEACH": 96.16,
                "SALES": 4615.68,
                "ORDERDATE": "3/20/2004 0:00",
                "STATUS": "Shipped",
                "PRODUCTLINE": "Ships",
                "MSRP": 100
            }
        ]
    },
    {
        "ORDERNUMBER": 10232,
        "PRODUCTCODE": "S700_3962",
        "attributes": [
            {
                "QUANTITYORDERED": 35,
                "PRICEEACH": 82.43,
                "SALES": 2885.05,
                "ORDERDATE": "3/20/2004 0:00",
                "STATUS": "Shipped",
                "PRODUCTLINE": "Ships",
                "MSRP": 99
            }
        ]
    },
    {
        "ORDERNUMBER": 10232,
        "PRODUCTCODE": "S72_3212",
        "attributes": [
            {
                "QUANTITYORDERED": 24,
                "PRICEEACH": 49.69,
                "SALES": 1192.56,
                "ORDERDATE": "3/20/2004 0:00",
                "STATUS": "Shipped",
                "PRODUCTLINE": "Ships",
                "MSRP": 54
            }
        ]
    },
    {
        "ORDERNUMBER": 10233,
        "PRODUCTCODE": "S24_3151",
        "attributes": [
            {
                "QUANTITYORDERED": 40,
                "PRICEEACH": 94.71,
                "SALES": 3788.4,
                "ORDERDATE": "3/29/2004 0:00",
                "STATUS": "Shipped",
                "PRODUCTLINE": "Vintage Cars",
                "MSRP": 88
            }
        ]
    },
    {
        "ORDERNUMBER": 10233,
        "PRODUCTCODE": "S700_1138",
        "attributes": [
            {
                "QUANTITYORDERED": 36,
                "PRICEEACH": 70.67,
                "SALES": 2544.12,
                "ORDERDATE": "3/29/2004 0:00",
                "STATUS": "Shipped",
                "PRODUCTLINE": "Ships",
                "MSRP": 66
            }
        ]
    },
    {
        "ORDERNUMBER": 10233,
        "PRODUCTCODE": "S700_2610",
        "attributes": [
            {
                "QUANTITYORDERED": 29,
                "PRICEEACH": 82.4,
                "SALES": 2389.6,
                "ORDERDATE": "3/29/2004 0:00",
                "STATUS": "Shipped",
                "PRODUCTLINE": "Ships",
                "MSRP": 72
            }
        ]
    },
    {
        "ORDERNUMBER": 10235,
        "PRODUCTCODE": "S18_2581",
        "attributes": [
            {
                "QUANTITYORDERED": 24,
                "PRICEEACH": 76.03,
                "SALES": 1824.72,
                "ORDERDATE": "4/2/2004 0:00",
                "STATUS": "Shipped",
                "PRODUCTLINE": "Planes",
                "MSRP": 84
            }
        ]
    },
    {
        "ORDERNUMBER": 10235,
        "PRODUCTCODE": "S24_1785",
        "attributes": [
            {
                "QUANTITYORDERED": 23,
                "PRICEEACH": 96.29,
                "SALES": 2214.67,
                "ORDERDATE": "4/2/2004 0:00",
                "STATUS": "Shipped",
                "PRODUCTLINE": "Planes",
                "MSRP": 109
            }
        ]
    },
    {
        "ORDERNUMBER": 10235,
        "PRODUCTCODE": "S24_3949",
        "attributes": [
            {
                "QUANTITYORDERED": 33,
                "PRICEEACH": 60.05,
                "SALES": 1981.65,
                "ORDERDATE": "4/2/2004 0:00",
                "STATUS": "Shipped",
                "PRODUCTLINE": "Planes",
                "MSRP": 68
            }
        ]
    },
    {
        "ORDERNUMBER": 10235,
        "PRODUCTCODE": "S24_4278",
        "attributes": [
            {
                "QUANTITYORDERED": 40,
                "PRICEEACH": 81.14,
                "SALES": 3245.6,
                "ORDERDATE": "4/2/2004 0:00",
                "STATUS": "Shipped",
                "PRODUCTLINE": "Planes",
                "MSRP": 72
            }
        ]
    },
    {
        "ORDERNUMBER": 10235,
        "PRODUCTCODE": "S32_4289",
        "attributes": [
            {
                "QUANTITYORDERED": 34,
                "PRICEEACH": 77.73,
                "SALES": 2642.82,
                "ORDERDATE": "4/2/2004 0:00",
                "STATUS": "Shipped",
                "PRODUCTLINE": "Vintage Cars",
                "MSRP": 68
            }
        ]
    },
    {
        "ORDERNUMBER": 10235,
        "PRODUCTCODE": "S50_1341",
        "attributes": [
            {
                "QUANTITYORDERED": 41,
                "PRICEEACH": 35.35,
                "SALES": 1449.35,
                "ORDERDATE": "4/2/2004 0:00",
                "STATUS": "Shipped",
                "PRODUCTLINE": "Vintage Cars",
                "MSRP": 43
            }
        ]
    },
    {
        "ORDERNUMBER": 10235,
        "PRODUCTCODE": "S700_2466",
        "attributes": [
            {
                "QUANTITYORDERED": 38,
                "PRICEEACH": 88.75,
                "SALES": 3372.5,
                "ORDERDATE": "4/2/2004 0:00",
                "STATUS": "Shipped",
                "PRODUCTLINE": "Planes",
                "MSRP": 99
            }
        ]
    },
    {
        "ORDERNUMBER": 10235,
        "PRODUCTCODE": "S700_2834",
        "attributes": [
            {
                "QUANTITYORDERED": 25,
                "PRICEEACH": 96.11,
                "SALES": 2402.75,
                "ORDERDATE": "4/2/2004 0:00",
                "STATUS": "Shipped",
                "PRODUCTLINE": "Planes",
                "MSRP": 118
            }
        ]
    },
    {
        "ORDERNUMBER": 10235,
        "PRODUCTCODE": "S700_3167",
        "attributes": [
            {
                "QUANTITYORDERED": 32,
                "PRICEEACH": 92.0,
                "SALES": 2944.0,
                "ORDERDATE": "4/2/2004 0:00",
                "STATUS": "Shipped",
                "PRODUCTLINE": "Planes",
                "MSRP": 80
            }
        ]
    },
    {
        "ORDERNUMBER": 10235,
        "PRODUCTCODE": "S700_4002",
        "attributes": [
            {
                "QUANTITYORDERED": 34,
                "PRICEEACH": 72.55,
                "SALES": 2466.7,
                "ORDERDATE": "4/2/2004 0:00",
                "STATUS": "Shipped",
                "PRODUCTLINE": "Planes",
                "MSRP": 74
            }
        ]
    },
    {
        "ORDERNUMBER": 10236,
        "PRODUCTCODE": "S18_2625",
        "attributes": [
            {
                "QUANTITYORDERED": 23,
                "PRICEEACH": 55.72,
                "SALES": 1281.56,
                "ORDERDATE": "4/3/2004 0:00",
                "STATUS": "Shipped",
                "PRODUCTLINE": "Motorcycles",
                "MSRP": 60
            }
        ]
    },
    {
        "ORDERNUMBER": 10236,
        "PRODUCTCODE": "S24_2000",
        "attributes": [
            {
                "QUANTITYORDERED": 36,
                "PRICEEACH": 87.6,
                "SALES": 3153.6,
                "ORDERDATE": "4/3/2004 0:00",
                "STATUS": "Shipped",
                "PRODUCTLINE": "Motorcycles",
                "MSRP": 76
            }
        ]
    },
    {
        "ORDERNUMBER": 10237,
        "PRODUCTCODE": "S18_3782",
        "attributes": [
            {
                "QUANTITYORDERED": 26,
                "PRICEEACH": 52.22,
                "SALES": 1357.72,
                "ORDERDATE": "4/5/2004 0:00",
                "STATUS": "Shipped",
                "PRODUCTLINE": "Motorcycles",
                "MSRP": 62
            }
        ]
    },
    {
        "ORDERNUMBER": 10237,
        "PRODUCTCODE": "S24_2360",
        "attributes": [
            {
                "QUANTITYORDERED": 26,
                "PRICEEACH": 79.65,
                "SALES": 2070.9,
                "ORDERDATE": "4/5/2004 0:00",
                "STATUS": "Shipped",
                "PRODUCTLINE": "Motorcycles",
                "MSRP": 69
            }
        ]
    },
    {
        "ORDERNUMBER": 10237,
        "PRODUCTCODE": "S32_2206",
        "attributes": [
            {
                "QUANTITYORDERED": 26,
                "PRICEEACH": 40.23,
                "SALES": 1045.98,
                "ORDERDATE": "4/5/2004 0:00",
                "STATUS": "Shipped",
                "PRODUCTLINE": "Motorcycles",
                "MSRP": 40
            }
        ]
    },
    {
        "ORDERNUMBER": 10237,
        "PRODUCTCODE": "S50_4713",
        "attributes": [
            {
                "QUANTITYORDERED": 20,
                "PRICEEACH": 68.34,
                "SALES": 1366.8,
                "ORDERDATE": "4/5/2004 0:00",
                "STATUS": "Shipped",
                "PRODUCTLINE": "Motorcycles",
                "MSRP": 81
            }
        ]
    },
    {
        "ORDERNUMBER": 10238,
        "PRODUCTCODE": "S12_3990",
        "attributes": [
            {
                "QUANTITYORDERED": 20,
                "PRICEEACH": 74.21,
                "SALES": 1484.2,
                "ORDERDATE": "4/9/2004 0:00",
                "STATUS": "Shipped",
                "PRODUCTLINE": "Classic Cars",
                "MSRP": 79
            }
        ]
    },
    {
        "ORDERNUMBER": 10238,
        "PRODUCTCODE": "S18_3278",
        "attributes": [
            {
                "QUANTITYORDERED": 41,
                "PRICEEACH": 73.17,
                "SALES": 2999.97,
                "ORDERDATE": "4/9/2004 0:00",
                "STATUS": "Shipped",
                "PRODUCTLINE": "Classic Cars",
                "MSRP": 80
            }
        ]
    },
    {
        "ORDERNUMBER": 10238,
        "PRODUCTCODE": "S24_3371",
        "attributes": [
            {
                "QUANTITYORDERED": 47,
                "PRICEEACH": 62.45,
                "SALES": 2935.15,
                "ORDERDATE": "4/9/2004 0:00",
                "STATUS": "Shipped",
                "PRODUCTLINE": "Classic Cars",
                "MSRP": 61
            }
        ]
    },
    {
        "ORDERNUMBER": 10238,
        "PRODUCTCODE": "S24_4620",
        "attributes": [
            {
                "QUANTITYORDERED": 22,
                "PRICEEACH": 93.77,
                "SALES": 2062.94,
                "ORDERDATE": "4/9/2004 0:00",
                "STATUS": "Shipped",
                "PRODUCTLINE": "Classic Cars",
                "MSRP": 80
            }
        ]
    },
    {
        "ORDERNUMBER": 10239,
        "PRODUCTCODE": "S12_4675",
        "attributes": [
            {
                "QUANTITYORDERED": 21,
                "PRICEEACH": 93.28,
                "SALES": 1958.88,
                "ORDERDATE": "4/12/2004 0:00",
                "STATUS": "Shipped",
                "PRODUCTLINE": "Classic Cars",
                "MSRP": 115
            }
        ]
    },
    {
        "ORDERNUMBER": 10239,
        "PRODUCTCODE": "S18_1889",
        "attributes": [
            {
                "QUANTITYORDERED": 46,
                "PRICEEACH": 73.92,
                "SALES": 3400.32,
                "ORDERDATE": "4/12/2004 0:00",
                "STATUS": "Shipped",
                "PRODUCTLINE": "Classic Cars",
                "MSRP": 77
            }
        ]
    },
    {
        "ORDERNUMBER": 10239,
        "PRODUCTCODE": "S24_2972",
        "attributes": [
            {
                "QUANTITYORDERED": 20,
                "PRICEEACH": 44.56,
                "SALES": 891.2,
                "ORDERDATE": "4/12/2004 0:00",
                "STATUS": "Shipped",
                "PRODUCTLINE": "Classic Cars",
                "MSRP": 37
            }
        ]
    },
    {
        "ORDERNUMBER": 10241,
        "PRODUCTCODE": "S18_2248",
        "attributes": [
            {
                "QUANTITYORDERED": 33,
                "PRICEEACH": 72.65,
                "SALES": 2397.45,
                "ORDERDATE": "4/13/2004 0:00",
                "STATUS": "Shipped",
                "PRODUCTLINE": "Vintage Cars",
                "MSRP": 60
            }
        ]
    },
    {
        "ORDERNUMBER": 10241,
        "PRODUCTCODE": "S18_4409",
        "attributes": [
            {
                "QUANTITYORDERED": 42,
                "PRICEEACH": 90.19,
                "SALES": 3787.98,
                "ORDERDATE": "4/13/2004 0:00",
                "STATUS": "Shipped",
                "PRODUCTLINE": "Vintage Cars",
                "MSRP": 92
            }
        ]
    },
    {
        "ORDERNUMBER": 10241,
        "PRODUCTCODE": "S18_4933",
        "attributes": [
            {
                "QUANTITYORDERED": 30,
                "PRICEEACH": 66.99,
                "SALES": 2009.7,
                "ORDERDATE": "4/13/2004 0:00",
                "STATUS": "Shipped",
                "PRODUCTLINE": "Classic Cars",
                "MSRP": 71
            }
        ]
    },
    {
        "ORDERNUMBER": 10241,
        "PRODUCTCODE": "S24_1046",
        "attributes": [
            {
                "QUANTITYORDERED": 22,
                "PRICEEACH": 76.43,
                "SALES": 1681.46,
                "ORDERDATE": "4/13/2004 0:00",
                "STATUS": "Shipped",
                "PRODUCTLINE": "Classic Cars",
                "MSRP": 73
            }
        ]
    },
    {
        "ORDERNUMBER": 10241,
        "PRODUCTCODE": "S24_1628",
        "attributes": [
            {
                "QUANTITYORDERED": 21,
                "PRICEEACH": 40.25,
                "SALES": 845.25,
                "ORDERDATE": "4/13/2004 0:00",
                "STATUS": "Shipped",
                "PRODUCTLINE": "Classic Cars",
                "MSRP": 50
            }
        ]
    },
    {
        "ORDERNUMBER": 10241,
        "PRODUCTCODE": "S24_2766",
        "attributes": [
            {
                "QUANTITYORDERED": 47,
                "PRICEEACH": 94.5,
                "SALES": 4441.5,
                "ORDERDATE": "4/13/2004 0:00",
                "STATUS": "Shipped",
                "PRODUCTLINE": "Classic Cars",
                "MSRP": 90
            }
        ]
    },
    {
        "ORDERNUMBER": 10241,
        "PRODUCTCODE": "S24_2887",
        "attributes": [
            {
                "QUANTITYORDERED": 28,
                "PRICEEACH": 98.65,
                "SALES": 2762.2,
                "ORDERDATE": "4/13/2004 0:00",
                "STATUS": "Shipped",
                "PRODUCTLINE": "Classic Cars",
                "MSRP": 117
            }
        ]
    },
    {
        "ORDERNUMBER": 10241,
        "PRODUCTCODE": "S24_3191",
        "attributes": [
            {
                "QUANTITYORDERED": 26,
                "PRICEEACH": 81.33,
                "SALES": 2114.58,
                "ORDERDATE": "4/13/2004 0:00",
                "STATUS": "Shipped",
                "PRODUCTLINE": "Classic Cars",
                "MSRP": 85
            }
        ]
    },
    {
        "ORDERNUMBER": 10241,
        "PRODUCTCODE": "S24_3432",
        "attributes": [
            {
                "QUANTITYORDERED": 27,
                "PRICEEACH": 86.73,
                "SALES": 2341.71,
                "ORDERDATE": "4/13/2004 0:00",
                "STATUS": "Shipped",
                "PRODUCTLINE": "Classic Cars",
                "MSRP": 107
            }
        ]
    },
    {
        "ORDERNUMBER": 10242,
        "PRODUCTCODE": "S24_3969",
        "attributes": [
            {
                "QUANTITYORDERED": 46,
                "PRICEEACH": 36.93,
                "SALES": 1698.78,
                "ORDERDATE": "4/20/2004 0:00",
                "STATUS": "Shipped",
                "PRODUCTLINE": "Vintage Cars",
                "MSRP": 41
            }
        ]
    },
    {
        "ORDERNUMBER": 10243,
        "PRODUCTCODE": "S24_1937",
        "attributes": [
            {
                "QUANTITYORDERED": 33,
                "PRICEEACH": 29.54,
                "SALES": 974.82,
                "ORDERDATE": "4/26/2004 0:00",
                "STATUS": "Shipped",
                "PRODUCTLINE": "Vintage Cars",
                "MSRP": 33
            }
        ]
    },
    {
        "ORDERNUMBER": 10244,
        "PRODUCTCODE": "S18_1367",
        "attributes": [
            {
                "QUANTITYORDERED": 20,
                "PRICEEACH": 58.22,
                "SALES": 1164.4,
                "ORDERDATE": "4/29/2004 0:00",
                "STATUS": "Shipped",
                "PRODUCTLINE": "Vintage Cars",
                "MSRP": 53
            }
        ]
    },
    {
        "ORDERNUMBER": 10244,
        "PRODUCTCODE": "S18_2957",
        "attributes": [
            {
                "QUANTITYORDERED": 24,
                "PRICEEACH": 58.09,
                "SALES": 1394.16,
                "ORDERDATE": "4/29/2004 0:00",
                "STATUS": "Shipped",
                "PRODUCTLINE": "Vintage Cars",
                "MSRP": 62
            }
        ]
    },
    {
        "ORDERNUMBER": 10244,
        "PRODUCTCODE": "S18_3320",
        "attributes": [
            {
                "QUANTITYORDERED": 36,
                "PRICEEACH": 84.33,
                "SALES": 3035.88,
                "ORDERDATE": "4/29/2004 0:00",
                "STATUS": "Shipped",
                "PRODUCTLINE": "Vintage Cars",
                "MSRP": 99
            }
        ]
    },
    {
        "ORDERNUMBER": 10244,
        "PRODUCTCODE": "S24_2022",
        "attributes": [
            {
                "QUANTITYORDERED": 39,
                "PRICEEACH": 45.25,
                "SALES": 1764.75,
                "ORDERDATE": "4/29/2004 0:00",
                "STATUS": "Shipped",
                "PRODUCTLINE": "Vintage Cars",
                "MSRP": 44
            }
        ]
    },
    {
        "ORDERNUMBER": 10244,
        "PRODUCTCODE": "S24_4258",
        "attributes": [
            {
                "QUANTITYORDERED": 40,
                "PRICEEACH": 86.68,
                "SALES": 3467.2,
                "ORDERDATE": "4/29/2004 0:00",
                "STATUS": "Shipped",
                "PRODUCTLINE": "Vintage Cars",
                "MSRP": 97
            }
        ]
    },
    {
        "ORDERNUMBER": 10245,
        "PRODUCTCODE": "S18_4668",
        "attributes": [
            {
                "QUANTITYORDERED": 45,
                "PRICEEACH": 59.87,
                "SALES": 2694.15,
                "ORDERDATE": "5/4/2004 0:00",
                "STATUS": "Shipped",
                "PRODUCTLINE": "Vintage Cars",
                "MSRP": 50
            }
        ]
    },
    {
        "ORDERNUMBER": 10245,
        "PRODUCTCODE": "S32_3522",
        "attributes": [
            {
                "QUANTITYORDERED": 44,
                "PRICEEACH": 69.16,
                "SALES": 3043.04,
                "ORDERDATE": "5/4/2004 0:00",
                "STATUS": "Shipped",
                "PRODUCTLINE": "Trucks and Buses",
                "MSRP": 64
            }
        ]
    },
    {
        "ORDERNUMBER": 10246,
        "PRODUCTCODE": "S18_2319",
        "attributes": [
            {
                "QUANTITYORDERED": 22,
                "PRICEEACH": 98.18,
                "SALES": 2159.96,
                "ORDERDATE": "5/5/2004 0:00",
                "STATUS": "Shipped",
                "PRODUCTLINE": "Trucks and Buses",
                "MSRP": 122
            }
        ]
    },
    {
        "ORDERNUMBER": 10246,
        "PRODUCTCODE": "S18_2432",
        "attributes": [
            {
                "QUANTITYORDERED": 30,
                "PRICEEACH": 61.99,
                "SALES": 1859.7,
                "ORDERDATE": "5/5/2004 0:00",
                "STATUS": "Shipped",
                "PRODUCTLINE": "Trucks and Buses",
                "MSRP": 60
            }
        ]
    },
    {
        "ORDERNUMBER": 10246,
        "PRODUCTCODE": "S24_1444",
        "attributes": [
            {
                "QUANTITYORDERED": 44,
                "PRICEEACH": 52.6,
                "SALES": 2314.4,
                "ORDERDATE": "5/5/2004 0:00",
                "STATUS": "Shipped",
                "PRODUCTLINE": "Classic Cars",
                "MSRP": 57
            }
        ]
    },
    {
        "ORDERNUMBER": 10246,
        "PRODUCTCODE": "S24_2840",
        "attributes": [
            {
                "QUANTITYORDERED": 49,
                "PRICEEACH": 36.07,
                "SALES": 1767.43,
                "ORDERDATE": "5/5/2004 0:00",
                "STATUS": "Shipped",
                "PRODUCTLINE": "Classic Cars",
                "MSRP": 35
            }
        ]
    },
    {
        "ORDERNUMBER": 10246,
        "PRODUCTCODE": "S32_2509",
        "attributes": [
            {
                "QUANTITYORDERED": 35,
                "PRICEEACH": 48.7,
                "SALES": 1704.5,
                "ORDERDATE": "5/5/2004 0:00",
                "STATUS": "Shipped",
                "PRODUCTLINE": "Trucks and Buses",
                "MSRP": 54
            }
        ]
    },
    {
        "ORDERNUMBER": 10247,
        "PRODUCTCODE": "S32_3207",
        "attributes": [
            {
                "QUANTITYORDERED": 40,
                "PRICEEACH": 49.71,
                "SALES": 1988.4,
                "ORDERDATE": "5/5/2004 0:00",
                "STATUS": "Shipped",
                "PRODUCTLINE": "Trains",
                "MSRP": 62
            }
        ]
    },
    {
        "ORDERNUMBER": 10247,
        "PRODUCTCODE": "S50_1514",
        "attributes": [
            {
                "QUANTITYORDERED": 49,
                "PRICEEACH": 63.85,
                "SALES": 3128.65,
                "ORDERDATE": "5/5/2004 0:00",
                "STATUS": "Shipped",
                "PRODUCTLINE": "Trains",
                "MSRP": 58
            }
        ]
    },
    {
        "ORDERNUMBER": 10248,
        "PRODUCTCODE": "S18_3029",
        "attributes": [
            {
                "QUANTITYORDERED": 21,
                "PRICEEACH": 73.98,
                "SALES": 1553.58,
                "ORDERDATE": "5/7/2004 0:00",
                "STATUS": "Cancelled",
                "PRODUCTLINE": "Ships",
                "MSRP": 86
            }
        ]
    },
    {
        "ORDERNUMBER": 10248,
        "PRODUCTCODE": "S18_4522",
        "attributes": [
            {
                "QUANTITYORDERED": 42,
                "PRICEEACH": 75.48,
                "SALES": 3170.16,
                "ORDERDATE": "5/7/2004 0:00",
                "STATUS": "Cancelled",
                "PRODUCTLINE": "Vintage Cars",
                "MSRP": 87
            }
        ]
    },
    {
        "ORDERNUMBER": 10248,
        "PRODUCTCODE": "S24_3816",
        "attributes": [
            {
                "QUANTITYORDERED": 23,
                "PRICEEACH": 76.31,
                "SALES": 1755.13,
                "ORDERDATE": "5/7/2004 0:00",
                "STATUS": "Cancelled",
                "PRODUCTLINE": "Vintage Cars",
                "MSRP": 83
            }
        ]
    },
    {
        "ORDERNUMBER": 10248,
        "PRODUCTCODE": "S700_1138",
        "attributes": [
            {
                "QUANTITYORDERED": 36,
                "PRICEEACH": 71.34,
                "SALES": 2568.24,
                "ORDERDATE": "5/7/2004 0:00",
                "STATUS": "Cancelled",
                "PRODUCTLINE": "Ships",
                "MSRP": 66
            }
        ]
    },
    {
        "ORDERNUMBER": 10248,
        "PRODUCTCODE": "S700_2610",
        "attributes": [
            {
                "QUANTITYORDERED": 32,
                "PRICEEACH": 75.89,
                "SALES": 2428.48,
                "ORDERDATE": "5/7/2004 0:00",
                "STATUS": "Cancelled",
                "PRODUCTLINE": "Ships",
                "MSRP": 72
            }
        ]
    },
    {
        "ORDERNUMBER": 10248,
        "PRODUCTCODE": "S700_3962",
        "attributes": [
            {
                "QUANTITYORDERED": 35,
                "PRICEEACH": 90.37,
                "SALES": 3162.95,
                "ORDERDATE": "5/7/2004 0:00",
                "STATUS": "Cancelled",
                "PRODUCTLINE": "Ships",
                "MSRP": 99
            }
        ]
    },
    {
        "ORDERNUMBER": 10248,
        "PRODUCTCODE": "S72_3212",
        "attributes": [
            {
                "QUANTITYORDERED": 23,
                "PRICEEACH": 65.52,
                "SALES": 1506.96,
                "ORDERDATE": "5/7/2004 0:00",
                "STATUS": "Cancelled",
                "PRODUCTLINE": "Ships",
                "MSRP": 54
            }
        ]
    },
    {
        "ORDERNUMBER": 10249,
        "PRODUCTCODE": "S24_2841",
        "attributes": [
            {
                "QUANTITYORDERED": 20,
                "PRICEEACH": 67.82,
                "SALES": 1356.4,
                "ORDERDATE": "5/8/2004 0:00",
                "STATUS": "Shipped",
                "PRODUCTLINE": "Planes",
                "MSRP": 68
            }
        ]
    },
    {
        "ORDERNUMBER": 10249,
        "PRODUCTCODE": "S24_3420",
        "attributes": [
            {
                "QUANTITYORDERED": 25,
                "PRICEEACH": 69.7,
                "SALES": 1742.5,
                "ORDERDATE": "5/8/2004 0:00",
                "STATUS": "Shipped",
                "PRODUCTLINE": "Vintage Cars",
                "MSRP": 65
            }
        ]
    },
    {
        "ORDERNUMBER": 10249,
        "PRODUCTCODE": "S700_2047",
        "attributes": [
            {
                "QUANTITYORDERED": 40,
                "PRICEEACH": 95.95,
                "SALES": 3838.0,
                "ORDERDATE": "5/8/2004 0:00",
                "STATUS": "Shipped",
                "PRODUCTLINE": "Ships",
                "MSRP": 90
            }
        ]
    },
    {
        "ORDERNUMBER": 10249,
        "PRODUCTCODE": "S72_1253",
        "attributes": [
            {
                "QUANTITYORDERED": 32,
                "PRICEEACH": 57.61,
                "SALES": 1843.52,
                "ORDERDATE": "5/8/2004 0:00",
                "STATUS": "Shipped",
                "PRODUCTLINE": "Planes",
                "MSRP": 49
            }
        ]
    },
    {
        "ORDERNUMBER": 10250,
        "PRODUCTCODE": "S18_2581",
        "attributes": [
            {
                "QUANTITYORDERED": 27,
                "PRICEEACH": 98.84,
                "SALES": 2668.68,
                "ORDERDATE": "5/11/2004 0:00",
                "STATUS": "Shipped",
                "PRODUCTLINE": "Planes",
                "MSRP": 84
            }
        ]
    },
    {
        "ORDERNUMBER": 10250,
        "PRODUCTCODE": "S24_1785",
        "attributes": [
            {
                "QUANTITYORDERED": 31,
                "PRICEEACH": 88.63,
                "SALES": 2747.53,
                "ORDERDATE": "5/11/2004 0:00",
                "STATUS": "Shipped",
                "PRODUCTLINE": "Planes",
                "MSRP": 109
            }
        ]
    },
    {
        "ORDERNUMBER": 10250,
        "PRODUCTCODE": "S24_2000",
        "attributes": [
            {
                "QUANTITYORDERED": 32,
                "PRICEEACH": 87.6,
                "SALES": 2803.2,
                "ORDERDATE": "5/11/2004 0:00",
                "STATUS": "Shipped",
                "PRODUCTLINE": "Motorcycles",
                "MSRP": 76
            }
        ]
    },
    {
        "ORDERNUMBER": 10250,
        "PRODUCTCODE": "S24_3949",
        "attributes": [
            {
                "QUANTITYORDERED": 40,
                "PRICEEACH": 75.06,
                "SALES": 3002.4,
                "ORDERDATE": "5/11/2004 0:00",
                "STATUS": "Shipped",
                "PRODUCTLINE": "Planes",
                "MSRP": 68
            }
        ]
    },
    {
        "ORDERNUMBER": 10250,
        "PRODUCTCODE": "S24_4278",
        "attributes": [
            {
                "QUANTITYORDERED": 37,
                "PRICEEACH": 74.62,
                "SALES": 2760.94,
                "ORDERDATE": "5/11/2004 0:00",
                "STATUS": "Shipped",
                "PRODUCTLINE": "Planes",
                "MSRP": 72
            }
        ]
    },
    {
        "ORDERNUMBER": 10250,
        "PRODUCTCODE": "S32_4289",
        "attributes": [
            {
                "QUANTITYORDERED": 50,
                "PRICEEACH": 61.22,
                "SALES": 3061.0,
                "ORDERDATE": "5/11/2004 0:00",
                "STATUS": "Shipped",
                "PRODUCTLINE": "Vintage Cars",
                "MSRP": 68
            }
        ]
    },
    {
        "ORDERNUMBER": 10250,
        "PRODUCTCODE": "S50_1341",
        "attributes": [
            {
                "QUANTITYORDERED": 36,
                "PRICEEACH": 51.93,
                "SALES": 1869.48,
                "ORDERDATE": "5/11/2004 0:00",
                "STATUS": "Shipped",
                "PRODUCTLINE": "Vintage Cars",
                "MSRP": 43
            }
        ]
    },
    {
        "ORDERNUMBER": 10250,
        "PRODUCTCODE": "S700_1691",
        "attributes": [
            {
                "QUANTITYORDERED": 31,
                "PRICEEACH": 91.34,
                "SALES": 2831.54,
                "ORDERDATE": "5/11/2004 0:00",
                "STATUS": "Shipped",
                "PRODUCTLINE": "Planes",
                "MSRP": 91
            }
        ]
    },
    {
        "ORDERNUMBER": 10250,
        "PRODUCTCODE": "S700_3167",
        "attributes": [
            {
                "QUANTITYORDERED": 44,
                "PRICEEACH": 67.2,
                "SALES": 2956.8,
                "ORDERDATE": "5/11/2004 0:00",
                "STATUS": "Shipped",
                "PRODUCTLINE": "Planes",
                "MSRP": 80
            }
        ]
    },
    {
        "ORDERNUMBER": 10250,
        "PRODUCTCODE": "S700_4002",
        "attributes": [
            {
                "QUANTITYORDERED": 38,
                "PRICEEACH": 62.19,
                "SALES": 2363.22,
                "ORDERDATE": "5/11/2004 0:00",
                "STATUS": "Shipped",
                "PRODUCTLINE": "Planes",
                "MSRP": 74
            }
        ]
    },
    {
        "ORDERNUMBER": 10251,
        "PRODUCTCODE": "S18_2625",
        "attributes": [
            {
                "QUANTITYORDERED": 29,
                "PRICEEACH": 61.18,
                "SALES": 1774.22,
                "ORDERDATE": "5/18/2004 0:00",
                "STATUS": "Shipped",
                "PRODUCTLINE": "Motorcycles",
                "MSRP": 60
            }
        ]
    },
    {
        "ORDERNUMBER": 10252,
        "PRODUCTCODE": "S18_3278",
        "attributes": [
            {
                "QUANTITYORDERED": 20,
                "PRICEEACH": 76.39,
                "SALES": 1527.8,
                "ORDERDATE": "5/26/2004 0:00",
                "STATUS": "Shipped",
                "PRODUCTLINE": "Classic Cars",
                "MSRP": 80
            }
        ]
    },
    {
        "ORDERNUMBER": 10252,
        "PRODUCTCODE": "S18_3782",
        "attributes": [
            {
                "QUANTITYORDERED": 31,
                "PRICEEACH": 52.84,
                "SALES": 1638.04,
                "ORDERDATE": "5/26/2004 0:00",
                "STATUS": "Shipped",
                "PRODUCTLINE": "Motorcycles",
                "MSRP": 62
            }
        ]
    },
    {
        "ORDERNUMBER": 10252,
        "PRODUCTCODE": "S24_2360",
        "attributes": [
            {
                "QUANTITYORDERED": 47,
                "PRICEEACH": 65.8,
                "SALES": 3092.6,
                "ORDERDATE": "5/26/2004 0:00",
                "STATUS": "Shipped",
                "PRODUCTLINE": "Motorcycles",
                "MSRP": 69
            }
        ]
    },
    {
        "ORDERNUMBER": 10252,
        "PRODUCTCODE": "S24_4620",
        "attributes": [
            {
                "QUANTITYORDERED": 38,
                "PRICEEACH": 87.31,
                "SALES": 3317.78,
                "ORDERDATE": "5/26/2004 0:00",
                "STATUS": "Shipped",
                "PRODUCTLINE": "Classic Cars",
                "MSRP": 80
            }
        ]
    },
    {
        "ORDERNUMBER": 10252,
        "PRODUCTCODE": "S32_2206",
        "attributes": [
            {
                "QUANTITYORDERED": 36,
                "PRICEEACH": 48.28,
                "SALES": 1738.08,
                "ORDERDATE": "5/26/2004 0:00",
                "STATUS": "Shipped",
                "PRODUCTLINE": "Motorcycles",
                "MSRP": 40
            }
        ]
    },
    {
        "ORDERNUMBER": 10252,
        "PRODUCTCODE": "S50_4713",
        "attributes": [
            {
                "QUANTITYORDERED": 48,
                "PRICEEACH": 72.41,
                "SALES": 3475.68,
                "ORDERDATE": "5/26/2004 0:00",
                "STATUS": "Shipped",
                "PRODUCTLINE": "Motorcycles",
                "MSRP": 81
            }
        ]
    },
    {
        "ORDERNUMBER": 10253,
        "PRODUCTCODE": "S12_3990",
        "attributes": [
            {
                "QUANTITYORDERED": 25,
                "PRICEEACH": 90.17,
                "SALES": 2254.25,
                "ORDERDATE": "6/1/2004 0:00",
                "STATUS": "Cancelled",
                "PRODUCTLINE": "Classic Cars",
                "MSRP": 79
            }
        ]
    },
    {
        "ORDERNUMBER": 10253,
        "PRODUCTCODE": "S18_1889",
        "attributes": [
            {
                "QUANTITYORDERED": 23,
                "PRICEEACH": 83.93,
                "SALES": 1930.39,
                "ORDERDATE": "6/1/2004 0:00",
                "STATUS": "Cancelled",
                "PRODUCTLINE": "Classic Cars",
                "MSRP": 77
            }
        ]
    },
    {
        "ORDERNUMBER": 10253,
        "PRODUCTCODE": "S24_2972",
        "attributes": [
            {
                "QUANTITYORDERED": 40,
                "PRICEEACH": 42.67,
                "SALES": 1706.8,
                "ORDERDATE": "6/1/2004 0:00",
                "STATUS": "Cancelled",
                "PRODUCTLINE": "Classic Cars",
                "MSRP": 37
            }
        ]
    },
    {
        "ORDERNUMBER": 10253,
        "PRODUCTCODE": "S24_3371",
        "attributes": [
            {
                "QUANTITYORDERED": 24,
                "PRICEEACH": 52.66,
                "SALES": 1263.84,
                "ORDERDATE": "6/1/2004 0:00",
                "STATUS": "Cancelled",
                "PRODUCTLINE": "Classic Cars",
                "MSRP": 61
            }
        ]
    },
    {
        "ORDERNUMBER": 10255,
        "PRODUCTCODE": "S24_2022",
        "attributes": [
            {
                "QUANTITYORDERED": 37,
                "PRICEEACH": 45.7,
                "SALES": 1690.9,
                "ORDERDATE": "6/4/2004 0:00",
                "STATUS": "Shipped",
                "PRODUCTLINE": "Vintage Cars",
                "MSRP": 44
            }
        ]
    },
    {
        "ORDERNUMBER": 10256,
        "PRODUCTCODE": "S18_1342",
        "attributes": [
            {
                "QUANTITYORDERED": 34,
                "PRICEEACH": 95.55,
                "SALES": 3248.7,
                "ORDERDATE": "6/8/2004 0:00",
                "STATUS": "Shipped",
                "PRODUCTLINE": "Vintage Cars",
                "MSRP": 102
            }
        ]
    },
    {
        "ORDERNUMBER": 10256,
        "PRODUCTCODE": "S18_1367",
        "attributes": [
            {
                "QUANTITYORDERED": 29,
                "PRICEEACH": 51.75,
                "SALES": 1500.75,
                "ORDERDATE": "6/8/2004 0:00",
                "STATUS": "Shipped",
                "PRODUCTLINE": "Vintage Cars",
                "MSRP": 53
            }
        ]
    },
    {
        "ORDERNUMBER": 10257,
        "PRODUCTCODE": "S18_2949",
        "attributes": [
            {
                "QUANTITYORDERED": 50,
                "PRICEEACH": 88.14,
                "SALES": 4407.0,
                "ORDERDATE": "6/14/2004 0:00",
                "STATUS": "Shipped",
                "PRODUCTLINE": "Vintage Cars",
                "MSRP": 101
            }
        ]
    },
    {
        "ORDERNUMBER": 10257,
        "PRODUCTCODE": "S18_2957",
        "attributes": [
            {
                "QUANTITYORDERED": 49,
                "PRICEEACH": 53.72,
                "SALES": 2632.28,
                "ORDERDATE": "6/14/2004 0:00",
                "STATUS": "Shipped",
                "PRODUCTLINE": "Vintage Cars",
                "MSRP": 62
            }
        ]
    },
    {
        "ORDERNUMBER": 10257,
        "PRODUCTCODE": "S18_3136",
        "attributes": [
            {
                "QUANTITYORDERED": 37,
                "PRICEEACH": 84.82,
                "SALES": 3138.34,
                "ORDERDATE": "6/14/2004 0:00",
                "STATUS": "Shipped",
                "PRODUCTLINE": "Vintage Cars",
                "MSRP": 104
            }
        ]
    },
    {
        "ORDERNUMBER": 10257,
        "PRODUCTCODE": "S18_3320",
        "attributes": [
            {
                "QUANTITYORDERED": 26,
                "PRICEEACH": 89.29,
                "SALES": 2321.54,
                "ORDERDATE": "6/14/2004 0:00",
                "STATUS": "Shipped",
                "PRODUCTLINE": "Vintage Cars",
                "MSRP": 99
            }
        ]
    },
    {
        "ORDERNUMBER": 10257,
        "PRODUCTCODE": "S24_4258",
        "attributes": [
            {
                "QUANTITYORDERED": 46,
                "PRICEEACH": 78.89,
                "SALES": 3628.94,
                "ORDERDATE": "6/14/2004 0:00",
                "STATUS": "Shipped",
                "PRODUCTLINE": "Vintage Cars",
                "MSRP": 97
            }
        ]
    },
    {
        "ORDERNUMBER": 10258,
        "PRODUCTCODE": "S18_4668",
        "attributes": [
            {
                "QUANTITYORDERED": 21,
                "PRICEEACH": 59.87,
                "SALES": 1257.27,
                "ORDERDATE": "6/15/2004 0:00",
                "STATUS": "Shipped",
                "PRODUCTLINE": "Vintage Cars",
                "MSRP": 50
            }
        ]
    },
    {
        "ORDERNUMBER": 10258,
        "PRODUCTCODE": "S32_3522",
        "attributes": [
            {
                "QUANTITYORDERED": 20,
                "PRICEEACH": 61.41,
                "SALES": 1228.2,
                "ORDERDATE": "6/15/2004 0:00",
                "STATUS": "Shipped",
                "PRODUCTLINE": "Trucks and Buses",
                "MSRP": 64
            }
        ]
    },
    {
        "ORDERNUMBER": 10258,
        "PRODUCTCODE": "S700_2824",
        "attributes": [
            {
                "QUANTITYORDERED": 45,
                "PRICEEACH": 80.92,
                "SALES": 3641.4,
                "ORDERDATE": "6/15/2004 0:00",
                "STATUS": "Shipped",
                "PRODUCTLINE": "Classic Cars",
                "MSRP": 101
            }
        ]
    },
    {
        "ORDERNUMBER": 10259,
        "PRODUCTCODE": "S18_2319",
        "attributes": [
            {
                "QUANTITYORDERED": 34,
                "PRICEEACH": 99.41,
                "SALES": 3379.94,
                "ORDERDATE": "6/15/2004 0:00",
                "STATUS": "Shipped",
                "PRODUCTLINE": "Trucks and Buses",
                "MSRP": 122
            }
        ]
    },
    {
        "ORDERNUMBER": 10259,
        "PRODUCTCODE": "S18_2432",
        "attributes": [
            {
                "QUANTITYORDERED": 30,
                "PRICEEACH": 49.22,
                "SALES": 1476.6,
                "ORDERDATE": "6/15/2004 0:00",
                "STATUS": "Shipped",
                "PRODUCTLINE": "Trucks and Buses",
                "MSRP": 60
            }
        ]
    },
    {
        "ORDERNUMBER": 10259,
        "PRODUCTCODE": "S24_1444",
        "attributes": [
            {
                "QUANTITYORDERED": 28,
                "PRICEEACH": 46.82,
                "SALES": 1310.96,
                "ORDERDATE": "6/15/2004 0:00",
                "STATUS": "Shipped",
                "PRODUCTLINE": "Classic Cars",
                "MSRP": 57
            }
        ]
    },
    {
        "ORDERNUMBER": 10259,
        "PRODUCTCODE": "S24_2840",
        "attributes": [
            {
                "QUANTITYORDERED": 31,
                "PRICEEACH": 33.24,
                "SALES": 1030.44,
                "ORDERDATE": "6/15/2004 0:00",
                "STATUS": "Shipped",
                "PRODUCTLINE": "Classic Cars",
                "MSRP": 35
            }
        ]
    },
    {
        "ORDERNUMBER": 10259,
        "PRODUCTCODE": "S32_1268",
        "attributes": [
            {
                "QUANTITYORDERED": 45,
                "PRICEEACH": 86.68,
                "SALES": 3900.6,
                "ORDERDATE": "6/15/2004 0:00",
                "STATUS": "Shipped",
                "PRODUCTLINE": "Trucks and Buses",
                "MSRP": 96
            }
        ]
    },
    {
        "ORDERNUMBER": 10259,
        "PRODUCTCODE": "S32_2509",
        "attributes": [
            {
                "QUANTITYORDERED": 40,
                "PRICEEACH": 43.83,
                "SALES": 1753.2,
                "ORDERDATE": "6/15/2004 0:00",
                "STATUS": "Shipped",
                "PRODUCTLINE": "Trucks and Buses",
                "MSRP": 54
            }
        ]
    },
    {
        "ORDERNUMBER": 10261,
        "PRODUCTCODE": "S18_4522",
        "attributes": [
            {
                "QUANTITYORDERED": 20,
                "PRICEEACH": 89.53,
                "SALES": 1790.6,
                "ORDERDATE": "6/17/2004 0:00",
                "STATUS": "Shipped",
                "PRODUCTLINE": "Vintage Cars",
                "MSRP": 87
            }
        ]
    },
    {
        "ORDERNUMBER": 10261,
        "PRODUCTCODE": "S24_3151",
        "attributes": [
            {
                "QUANTITYORDERED": 22,
                "PRICEEACH": 91.17,
                "SALES": 2005.74,
                "ORDERDATE": "6/17/2004 0:00",
                "STATUS": "Shipped",
                "PRODUCTLINE": "Vintage Cars",
                "MSRP": 88
            }
        ]
    },
    {
        "ORDERNUMBER": 10261,
        "PRODUCTCODE": "S700_1138",
        "attributes": [
            {
                "QUANTITYORDERED": 34,
                "PRICEEACH": 62.0,
                "SALES": 2108.0,
                "ORDERDATE": "6/17/2004 0:00",
                "STATUS": "Shipped",
                "PRODUCTLINE": "Ships",
                "MSRP": 66
            }
        ]
    },
    {
        "ORDERNUMBER": 10261,
        "PRODUCTCODE": "S700_2610",
        "attributes": [
            {
                "QUANTITYORDERED": 44,
                "PRICEEACH": 68.67,
                "SALES": 3021.48,
                "ORDERDATE": "6/17/2004 0:00",
                "STATUS": "Shipped",
                "PRODUCTLINE": "Ships",
                "MSRP": 72
            }
        ]
    },
    {
        "ORDERNUMBER": 10261,
        "PRODUCTCODE": "S700_3505",
        "attributes": [
            {
                "QUANTITYORDERED": 25,
                "PRICEEACH": 88.15,
                "SALES": 2203.75,
                "ORDERDATE": "6/17/2004 0:00",
                "STATUS": "Shipped",
                "PRODUCTLINE": "Ships",
                "MSRP": 100
            }
        ]
    },
    {
        "ORDERNUMBER": 10261,
        "PRODUCTCODE": "S700_3962",
        "attributes": [
            {
                "QUANTITYORDERED": 50,
                "PRICEEACH": 81.43,
                "SALES": 4071.5,
                "ORDERDATE": "6/17/2004 0:00",
                "STATUS": "Shipped",
                "PRODUCTLINE": "Ships",
                "MSRP": 99
            }
        ]
    },
    {
        "ORDERNUMBER": 10261,
        "PRODUCTCODE": "S72_3212",
        "attributes": [
            {
                "QUANTITYORDERED": 29,
                "PRICEEACH": 50.78,
                "SALES": 1472.62,
                "ORDERDATE": "6/17/2004 0:00",
                "STATUS": "Shipped",
                "PRODUCTLINE": "Ships",
                "MSRP": 54
            }
        ]
    },
    {
        "ORDERNUMBER": 10262,
        "PRODUCTCODE": "S18_3029",
        "attributes": [
            {
                "QUANTITYORDERED": 32,
                "PRICEEACH": 84.3,
                "SALES": 2697.6,
                "ORDERDATE": "6/24/2004 0:00",
                "STATUS": "Cancelled",
                "PRODUCTLINE": "Ships",
                "MSRP": 86
            }
        ]
    },
    {
        "ORDERNUMBER": 10262,
        "PRODUCTCODE": "S24_1785",
        "attributes": [
            {
                "QUANTITYORDERED": 34,
                "PRICEEACH": 97.38,
                "SALES": 3310.92,
                "ORDERDATE": "6/24/2004 0:00",
                "STATUS": "Cancelled",
                "PRODUCTLINE": "Planes",
                "MSRP": 109
            }
        ]
    },
    {
        "ORDERNUMBER": 10262,
        "PRODUCTCODE": "S24_2841",
        "attributes": [
            {
                "QUANTITYORDERED": 24,
                "PRICEEACH": 67.14,
                "SALES": 1611.36,
                "ORDERDATE": "6/24/2004 0:00",
                "STATUS": "Cancelled",
                "PRODUCTLINE": "Planes",
                "MSRP": 68
            }
        ]
    },
    {
        "ORDERNUMBER": 10262,
        "PRODUCTCODE": "S24_3420",
        "attributes": [
            {
                "QUANTITYORDERED": 46,
                "PRICEEACH": 70.35,
                "SALES": 3236.1,
                "ORDERDATE": "6/24/2004 0:00",
                "STATUS": "Cancelled",
                "PRODUCTLINE": "Vintage Cars",
                "MSRP": 65
            }
        ]
    },
    {
        "ORDERNUMBER": 10262,
        "PRODUCTCODE": "S24_3816",
        "attributes": [
            {
                "QUANTITYORDERED": 49,
                "PRICEEACH": 87.21,
                "SALES": 4273.29,
                "ORDERDATE": "6/24/2004 0:00",
                "STATUS": "Cancelled",
                "PRODUCTLINE": "Vintage Cars",
                "MSRP": 83
            }
        ]
    },
    {
        "ORDERNUMBER": 10262,
        "PRODUCTCODE": "S24_3949",
        "attributes": [
            {
                "QUANTITYORDERED": 48,
                "PRICEEACH": 61.42,
                "SALES": 2948.16,
                "ORDERDATE": "6/24/2004 0:00",
                "STATUS": "Cancelled",
                "PRODUCTLINE": "Planes",
                "MSRP": 68
            }
        ]
    },
    {
        "ORDERNUMBER": 10262,
        "PRODUCTCODE": "S32_4289",
        "attributes": [
            {
                "QUANTITYORDERED": 40,
                "PRICEEACH": 79.11,
                "SALES": 3164.4,
                "ORDERDATE": "6/24/2004 0:00",
                "STATUS": "Cancelled",
                "PRODUCTLINE": "Vintage Cars",
                "MSRP": 68
            }
        ]
    },
    {
        "ORDERNUMBER": 10262,
        "PRODUCTCODE": "S50_1341",
        "attributes": [
            {
                "QUANTITYORDERED": 49,
                "PRICEEACH": 37.97,
                "SALES": 1860.53,
                "ORDERDATE": "6/24/2004 0:00",
                "STATUS": "Cancelled",
                "PRODUCTLINE": "Vintage Cars",
                "MSRP": 43
            }
        ]
    },
    {
        "ORDERNUMBER": 10262,
        "PRODUCTCODE": "S700_1691",
        "attributes": [
            {
                "QUANTITYORDERED": 40,
                "PRICEEACH": 84.03,
                "SALES": 3361.2,
                "ORDERDATE": "6/24/2004 0:00",
                "STATUS": "Cancelled",
                "PRODUCTLINE": "Planes",
                "MSRP": 91
            }
        ]
    },
    {
        "ORDERNUMBER": 10262,
        "PRODUCTCODE": "S700_2047",
        "attributes": [
            {
                "QUANTITYORDERED": 44,
                "PRICEEACH": 94.14,
                "SALES": 4142.16,
                "ORDERDATE": "6/24/2004 0:00",
                "STATUS": "Cancelled",
                "PRODUCTLINE": "Ships",
                "MSRP": 90
            }
        ]
    },
    {
        "ORDERNUMBER": 10262,
        "PRODUCTCODE": "S700_2466",
        "attributes": [
            {
                "QUANTITYORDERED": 33,
                "PRICEEACH": 90.75,
                "SALES": 2994.75,
                "ORDERDATE": "6/24/2004 0:00",
                "STATUS": "Cancelled",
                "PRODUCTLINE": "Planes",
                "MSRP": 99
            }
        ]
    },
    {
        "ORDERNUMBER": 10262,
        "PRODUCTCODE": "S700_3167",
        "attributes": [
            {
                "QUANTITYORDERED": 27,
                "PRICEEACH": 76.0,
                "SALES": 2052.0,
                "ORDERDATE": "6/24/2004 0:00",
                "STATUS": "Cancelled",
                "PRODUCTLINE": "Planes",
                "MSRP": 80
            }
        ]
    },
    {
        "ORDERNUMBER": 10262,
        "PRODUCTCODE": "S700_4002",
        "attributes": [
            {
                "QUANTITYORDERED": 35,
                "PRICEEACH": 71.07,
                "SALES": 2487.45,
                "ORDERDATE": "6/24/2004 0:00",
                "STATUS": "Cancelled",
                "PRODUCTLINE": "Planes",
                "MSRP": 74
            }
        ]
    },
    {
        "ORDERNUMBER": 10262,
        "PRODUCTCODE": "S72_1253",
        "attributes": [
            {
                "QUANTITYORDERED": 21,
                "PRICEEACH": 57.11,
                "SALES": 1199.31,
                "ORDERDATE": "6/24/2004 0:00",
                "STATUS": "Cancelled",
                "PRODUCTLINE": "Planes",
                "MSRP": 49
            }
        ]
    },
    {
        "ORDERNUMBER": 10263,
        "PRODUCTCODE": "S18_2581",
        "attributes": [
            {
                "QUANTITYORDERED": 33,
                "PRICEEACH": 86.17,
                "SALES": 2843.61,
                "ORDERDATE": "6/28/2004 0:00",
                "STATUS": "Shipped",
                "PRODUCTLINE": "Planes",
                "MSRP": 84
            }
        ]
    },
    {
        "ORDERNUMBER": 10263,
        "PRODUCTCODE": "S18_2625",
        "attributes": [
            {
                "QUANTITYORDERED": 34,
                "PRICEEACH": 58.75,
                "SALES": 1997.5,
                "ORDERDATE": "6/28/2004 0:00",
                "STATUS": "Shipped",
                "PRODUCTLINE": "Motorcycles",
                "MSRP": 60
            }
        ]
    },
    {
        "ORDERNUMBER": 10263,
        "PRODUCTCODE": "S24_2000",
        "attributes": [
            {
                "QUANTITYORDERED": 37,
                "PRICEEACH": 62.46,
                "SALES": 2311.02,
                "ORDERDATE": "6/28/2004 0:00",
                "STATUS": "Shipped",
                "PRODUCTLINE": "Motorcycles",
                "MSRP": 76
            }
        ]
    },
    {
        "ORDERNUMBER": 10263,
        "PRODUCTCODE": "S24_4278",
        "attributes": [
            {
                "QUANTITYORDERED": 24,
                "PRICEEACH": 75.35,
                "SALES": 1808.4,
                "ORDERDATE": "6/28/2004 0:00",
                "STATUS": "Shipped",
                "PRODUCTLINE": "Planes",
                "MSRP": 72
            }
        ]
    },
    {
        "ORDERNUMBER": 10263,
        "PRODUCTCODE": "S32_1374",
        "attributes": [
            {
                "QUANTITYORDERED": 31,
                "PRICEEACH": 79.91,
                "SALES": 2477.21,
                "ORDERDATE": "6/28/2004 0:00",
                "STATUS": "Shipped",
                "PRODUCTLINE": "Motorcycles",
                "MSRP": 99
            }
        ]
    },
    {
        "ORDERNUMBER": 10264,
        "PRODUCTCODE": "S18_3782",
        "attributes": [
            {
                "QUANTITYORDERED": 48,
                "PRICEEACH": 54.71,
                "SALES": 2626.08,
                "ORDERDATE": "6/30/2004 0:00",
                "STATUS": "Shipped",
                "PRODUCTLINE": "Motorcycles",
                "MSRP": 62
            }
        ]
    },
    {
        "ORDERNUMBER": 10264,
        "PRODUCTCODE": "S24_2360",
        "attributes": [
            {
                "QUANTITYORDERED": 37,
                "PRICEEACH": 65.1,
                "SALES": 2408.7,
                "ORDERDATE": "6/30/2004 0:00",
                "STATUS": "Shipped",
                "PRODUCTLINE": "Motorcycles",
                "MSRP": 69
            }
        ]
    },
    {
        "ORDERNUMBER": 10264,
        "PRODUCTCODE": "S24_4620",
        "attributes": [
            {
                "QUANTITYORDERED": 47,
                "PRICEEACH": 83.27,
                "SALES": 3913.69,
                "ORDERDATE": "6/30/2004 0:00",
                "STATUS": "Shipped",
                "PRODUCTLINE": "Classic Cars",
                "MSRP": 80
            }
        ]
    },
    {
        "ORDERNUMBER": 10264,
        "PRODUCTCODE": "S32_2206",
        "attributes": [
            {
                "QUANTITYORDERED": 20,
                "PRICEEACH": 32.59,
                "SALES": 651.8,
                "ORDERDATE": "6/30/2004 0:00",
                "STATUS": "Shipped",
                "PRODUCTLINE": "Motorcycles",
                "MSRP": 40
            }
        ]
    },
    {
        "ORDERNUMBER": 10264,
        "PRODUCTCODE": "S32_4485",
        "attributes": [
            {
                "QUANTITYORDERED": 34,
                "PRICEEACH": 97.97,
                "SALES": 3330.98,
                "ORDERDATE": "6/30/2004 0:00",
                "STATUS": "Shipped",
                "PRODUCTLINE": "Motorcycles",
                "MSRP": 102
            }
        ]
    },
    {
        "ORDERNUMBER": 10264,
        "PRODUCTCODE": "S50_4713",
        "attributes": [
            {
                "QUANTITYORDERED": 47,
                "PRICEEACH": 89.5,
                "SALES": 4206.5,
                "ORDERDATE": "6/30/2004 0:00",
                "STATUS": "Shipped",
                "PRODUCTLINE": "Motorcycles",
                "MSRP": 81
            }
        ]
    },
    {
        "ORDERNUMBER": 10265,
        "PRODUCTCODE": "S18_3278",
        "attributes": [
            {
                "QUANTITYORDERED": 45,
                "PRICEEACH": 86.84,
                "SALES": 3907.8,
                "ORDERDATE": "7/2/2004 0:00",
                "STATUS": "Shipped",
                "PRODUCTLINE": "Classic Cars",
                "MSRP": 80
            }
        ]
    },
    {
        "ORDERNUMBER": 10266,
        "PRODUCTCODE": "S12_3990",
        "attributes": [
            {
                "QUANTITYORDERED": 35,
                "PRICEEACH": 76.61,
                "SALES": 2681.35,
                "ORDERDATE": "7/6/2004 0:00",
                "STATUS": "Shipped",
                "PRODUCTLINE": "Classic Cars",
                "MSRP": 79
            }
        ]
    },
    {
        "ORDERNUMBER": 10266,
        "PRODUCTCODE": "S18_1889",
        "attributes": [
            {
                "QUANTITYORDERED": 33,
                "PRICEEACH": 74.69,
                "SALES": 2464.77,
                "ORDERDATE": "7/6/2004 0:00",
                "STATUS": "Shipped",
                "PRODUCTLINE": "Classic Cars",
                "MSRP": 77
            }
        ]
    },
    {
        "ORDERNUMBER": 10266,
        "PRODUCTCODE": "S24_1628",
        "attributes": [
            {
                "QUANTITYORDERED": 28,
                "PRICEEACH": 48.3,
                "SALES": 1352.4,
                "ORDERDATE": "7/6/2004 0:00",
                "STATUS": "Shipped",
                "PRODUCTLINE": "Classic Cars",
                "MSRP": 50
            }
        ]
    },
    {
        "ORDERNUMBER": 10266,
        "PRODUCTCODE": "S24_2972",
        "attributes": [
            {
                "QUANTITYORDERED": 34,
                "PRICEEACH": 40.4,
                "SALES": 1373.6,
                "ORDERDATE": "7/6/2004 0:00",
                "STATUS": "Shipped",
                "PRODUCTLINE": "Classic Cars",
                "MSRP": 37
            }
        ]
    },
    {
        "ORDERNUMBER": 10266,
        "PRODUCTCODE": "S24_3371",
        "attributes": [
            {
                "QUANTITYORDERED": 47,
                "PRICEEACH": 62.45,
                "SALES": 2935.15,
                "ORDERDATE": "7/6/2004 0:00",
                "STATUS": "Shipped",
                "PRODUCTLINE": "Classic Cars",
                "MSRP": 61
            }
        ]
    },
    {
        "ORDERNUMBER": 10267,
        "PRODUCTCODE": "S18_4933",
        "attributes": [
            {
                "QUANTITYORDERED": 36,
                "PRICEEACH": 75.55,
                "SALES": 2719.8,
                "ORDERDATE": "7/7/2004 0:00",
                "STATUS": "Shipped",
                "PRODUCTLINE": "Classic Cars",
                "MSRP": 71
            }
        ]
    },
    {
        "ORDERNUMBER": 10267,
        "PRODUCTCODE": "S24_1046",
        "attributes": [
            {
                "QUANTITYORDERED": 40,
                "PRICEEACH": 80.1,
                "SALES": 3204.0,
                "ORDERDATE": "7/7/2004 0:00",
                "STATUS": "Shipped",
                "PRODUCTLINE": "Classic Cars",
                "MSRP": 73
            }
        ]
    },
    {
        "ORDERNUMBER": 10267,
        "PRODUCTCODE": "S24_2766",
        "attributes": [
            {
                "QUANTITYORDERED": 38,
                "PRICEEACH": 87.24,
                "SALES": 3315.12,
                "ORDERDATE": "7/7/2004 0:00",
                "STATUS": "Shipped",
                "PRODUCTLINE": "Classic Cars",
                "MSRP": 90
            }
        ]
    },
    {
        "ORDERNUMBER": 10267,
        "PRODUCTCODE": "S24_3191",
        "attributes": [
            {
                "QUANTITYORDERED": 44,
                "PRICEEACH": 96.74,
                "SALES": 4256.56,
                "ORDERDATE": "7/7/2004 0:00",
                "STATUS": "Shipped",
                "PRODUCTLINE": "Classic Cars",
                "MSRP": 85
            }
        ]
    },
    {
        "ORDERNUMBER": 10269,
        "PRODUCTCODE": "S18_2957",
        "attributes": [
            {
                "QUANTITYORDERED": 32,
                "PRICEEACH": 63.08,
                "SALES": 2018.56,
                "ORDERDATE": "7/16/2004 0:00",
                "STATUS": "Shipped",
                "PRODUCTLINE": "Vintage Cars",
                "MSRP": 62
            }
        ]
    },
    {
        "ORDERNUMBER": 10269,
        "PRODUCTCODE": "S24_4258",
        "attributes": [
            {
                "QUANTITYORDERED": 48,
                "PRICEEACH": 97.39,
                "SALES": 4674.72,
                "ORDERDATE": "7/16/2004 0:00",
                "STATUS": "Shipped",
                "PRODUCTLINE": "Vintage Cars",
                "MSRP": 97
            }
        ]
    },
    {
        "ORDERNUMBER": 10270,
        "PRODUCTCODE": "S18_1097",
        "attributes": [
            {
                "QUANTITYORDERED": 43,
                "PRICEEACH": 96.84,
                "SALES": 4164.12,
                "ORDERDATE": "7/19/2004 0:00",
                "STATUS": "Shipped",
                "PRODUCTLINE": "Trucks and Buses",
                "MSRP": 116
            }
        ]
    },
    {
        "ORDERNUMBER": 10270,
        "PRODUCTCODE": "S18_2949",
        "attributes": [
            {
                "QUANTITYORDERED": 31,
                "PRICEEACH": 96.24,
                "SALES": 2983.44,
                "ORDERDATE": "7/19/2004 0:00",
                "STATUS": "Shipped",
                "PRODUCTLINE": "Vintage Cars",
                "MSRP": 101
            }
        ]
    },
    {
        "ORDERNUMBER": 10270,
        "PRODUCTCODE": "S18_4668",
        "attributes": [
            {
                "QUANTITYORDERED": 44,
                "PRICEEACH": 58.36,
                "SALES": 2567.84,
                "ORDERDATE": "7/19/2004 0:00",
                "STATUS": "Shipped",
                "PRODUCTLINE": "Vintage Cars",
                "MSRP": 50
            }
        ]
    },
    {
        "ORDERNUMBER": 10270,
        "PRODUCTCODE": "S32_1268",
        "attributes": [
            {
                "QUANTITYORDERED": 32,
                "PRICEEACH": 85.72,
                "SALES": 2743.04,
                "ORDERDATE": "7/19/2004 0:00",
                "STATUS": "Shipped",
                "PRODUCTLINE": "Trucks and Buses",
                "MSRP": 96
            }
        ]
    },
    {
        "ORDERNUMBER": 10270,
        "PRODUCTCODE": "S32_3522",
        "attributes": [
            {
                "QUANTITYORDERED": 21,
                "PRICEEACH": 63.35,
                "SALES": 1330.35,
                "ORDERDATE": "7/19/2004 0:00",
                "STATUS": "Shipped",
                "PRODUCTLINE": "Trucks and Buses",
                "MSRP": 64
            }
        ]
    },
    {
        "ORDERNUMBER": 10270,
        "PRODUCTCODE": "S700_2824",
        "attributes": [
            {
                "QUANTITYORDERED": 46,
                "PRICEEACH": 88.0,
                "SALES": 4048.0,
                "ORDERDATE": "7/19/2004 0:00",
                "STATUS": "Shipped",
                "PRODUCTLINE": "Classic Cars",
                "MSRP": 101
            }
        ]
    },
    {
        "ORDERNUMBER": 10271,
        "PRODUCTCODE": "S12_4473",
        "attributes": [
            {
                "QUANTITYORDERED": 31,
                "PRICEEACH": 97.17,
                "SALES": 3012.27,
                "ORDERDATE": "7/20/2004 0:00",
                "STATUS": "Shipped",
                "PRODUCTLINE": "Trucks and Buses",
                "MSRP": 118
            }
        ]
    },
    {
        "ORDERNUMBER": 10271,
        "PRODUCTCODE": "S18_2432",
        "attributes": [
            {
                "QUANTITYORDERED": 25,
                "PRICEEACH": 69.28,
                "SALES": 1732.0,
                "ORDERDATE": "7/20/2004 0:00",
                "STATUS": "Shipped",
                "PRODUCTLINE": "Trucks and Buses",
                "MSRP": 60
            }
        ]
    },
    {
        "ORDERNUMBER": 10271,
        "PRODUCTCODE": "S24_1444",
        "attributes": [
            {
                "QUANTITYORDERED": 45,
                "PRICEEACH": 64.74,
                "SALES": 2913.3,
                "ORDERDATE": "7/20/2004 0:00",
                "STATUS": "Shipped",
                "PRODUCTLINE": "Classic Cars",
                "MSRP": 57
            }
        ]
    },
    {
        "ORDERNUMBER": 10271,
        "PRODUCTCODE": "S24_2840",
        "attributes": [
            {
                "QUANTITYORDERED": 38,
                "PRICEEACH": 41.72,
                "SALES": 1585.36,
                "ORDERDATE": "7/20/2004 0:00",
                "STATUS": "Shipped",
                "PRODUCTLINE": "Classic Cars",
                "MSRP": 35
            }
        ]
    },
    {
        "ORDERNUMBER": 10271,
        "PRODUCTCODE": "S32_2509",
        "attributes": [
            {
                "QUANTITYORDERED": 35,
                "PRICEEACH": 47.62,
                "SALES": 1666.7,
                "ORDERDATE": "7/20/2004 0:00",
                "STATUS": "Shipped",
                "PRODUCTLINE": "Trucks and Buses",
                "MSRP": 54
            }
        ]
    },
    {
        "ORDERNUMBER": 10271,
        "PRODUCTCODE": "S50_1392",
        "attributes": [
            {
                "QUANTITYORDERED": 34,
                "PRICEEACH": 98.39,
                "SALES": 3345.26,
                "ORDERDATE": "7/20/2004 0:00",
                "STATUS": "Shipped",
                "PRODUCTLINE": "Trucks and Buses",
                "MSRP": 115
            }
        ]
    },
    {
        "ORDERNUMBER": 10272,
        "PRODUCTCODE": "S32_3207",
        "attributes": [
            {
                "QUANTITYORDERED": 45,
                "PRICEEACH": 64.63,
                "SALES": 2908.35,
                "ORDERDATE": "7/20/2004 0:00",
                "STATUS": "Shipped",
                "PRODUCTLINE": "Trains",
                "MSRP": 62
            }
        ]
    },
    {
        "ORDERNUMBER": 10272,
        "PRODUCTCODE": "S50_1514",
        "attributes": [
            {
                "QUANTITYORDERED": 43,
                "PRICEEACH": 56.82,
                "SALES": 2443.26,
                "ORDERDATE": "7/20/2004 0:00",
                "STATUS": "Shipped",
                "PRODUCTLINE": "Trains",
                "MSRP": 58
            }
        ]
    },
    {
        "ORDERNUMBER": 10273,
        "PRODUCTCODE": "S18_3029",
        "attributes": [
            {
                "QUANTITYORDERED": 34,
                "PRICEEACH": 98.06,
                "SALES": 3334.04,
                "ORDERDATE": "7/21/2004 0:00",
                "STATUS": "Shipped",
                "PRODUCTLINE": "Ships",
                "MSRP": 86
            }
        ]
    },
    {
        "ORDERNUMBER": 10273,
        "PRODUCTCODE": "S18_3856",
        "attributes": [
            {
                "QUANTITYORDERED": 50,
                "PRICEEACH": 85.75,
                "SALES": 4287.5,
                "ORDERDATE": "7/21/2004 0:00",
                "STATUS": "Shipped",
                "PRODUCTLINE": "Vintage Cars",
                "MSRP": 105
            }
        ]
    },
    {
        "ORDERNUMBER": 10273,
        "PRODUCTCODE": "S18_4522",
        "attributes": [
            {
                "QUANTITYORDERED": 33,
                "PRICEEACH": 71.09,
                "SALES": 2345.97,
                "ORDERDATE": "7/21/2004 0:00",
                "STATUS": "Shipped",
                "PRODUCTLINE": "Vintage Cars",
                "MSRP": 87
            }
        ]
    },
    {
        "ORDERNUMBER": 10273,
        "PRODUCTCODE": "S24_3816",
        "attributes": [
            {
                "QUANTITYORDERED": 48,
                "PRICEEACH": 83.02,
                "SALES": 3984.96,
                "ORDERDATE": "7/21/2004 0:00",
                "STATUS": "Shipped",
                "PRODUCTLINE": "Vintage Cars",
                "MSRP": 83
            }
        ]
    },
    {
        "ORDERNUMBER": 10273,
        "PRODUCTCODE": "S700_1138",
        "attributes": [
            {
                "QUANTITYORDERED": 21,
                "PRICEEACH": 65.34,
                "SALES": 1372.14,
                "ORDERDATE": "7/21/2004 0:00",
                "STATUS": "Shipped",
                "PRODUCTLINE": "Ships",
                "MSRP": 66
            }
        ]
    },
    {
        "ORDERNUMBER": 10273,
        "PRODUCTCODE": "S700_2610",
        "attributes": [
            {
                "QUANTITYORDERED": 42,
                "PRICEEACH": 62.16,
                "SALES": 2610.72,
                "ORDERDATE": "7/21/2004 0:00",
                "STATUS": "Shipped",
                "PRODUCTLINE": "Ships",
                "MSRP": 72
            }
        ]
    },
    {
        "ORDERNUMBER": 10273,
        "PRODUCTCODE": "S700_3505",
        "attributes": [
            {
                "QUANTITYORDERED": 40,
                "PRICEEACH": 86.15,
                "SALES": 3446.0,
                "ORDERDATE": "7/21/2004 0:00",
                "STATUS": "Shipped",
                "PRODUCTLINE": "Ships",
                "MSRP": 100
            }
        ]
    },
    {
        "ORDERNUMBER": 10273,
        "PRODUCTCODE": "S72_3212",
        "attributes": [
            {
                "QUANTITYORDERED": 37,
                "PRICEEACH": 45.86,
                "SALES": 1696.82,
                "ORDERDATE": "7/21/2004 0:00",
                "STATUS": "Shipped",
                "PRODUCTLINE": "Ships",
                "MSRP": 54
            }
        ]
    },
    {
        "ORDERNUMBER": 10274,
        "PRODUCTCODE": "S24_2841",
        "attributes": [
            {
                "QUANTITYORDERED": 40,
                "PRICEEACH": 65.08,
                "SALES": 2603.2,
                "ORDERDATE": "7/21/2004 0:00",
                "STATUS": "Shipped",
                "PRODUCTLINE": "Planes",
                "MSRP": 68
            }
        ]
    },
    {
        "ORDERNUMBER": 10274,
        "PRODUCTCODE": "S24_3420",
        "attributes": [
            {
                "QUANTITYORDERED": 24,
                "PRICEEACH": 72.33,
                "SALES": 1735.92,
                "ORDERDATE": "7/21/2004 0:00",
                "STATUS": "Shipped",
                "PRODUCTLINE": "Vintage Cars",
                "MSRP": 65
            }
        ]
    },
    {
        "ORDERNUMBER": 10274,
        "PRODUCTCODE": "S700_2047",
        "attributes": [
            {
                "QUANTITYORDERED": 24,
                "PRICEEACH": 90.52,
                "SALES": 2172.48,
                "ORDERDATE": "7/21/2004 0:00",
                "STATUS": "Shipped",
                "PRODUCTLINE": "Ships",
                "MSRP": 90
            }
        ]
    },
    {
        "ORDERNUMBER": 10274,
        "PRODUCTCODE": "S72_1253",
        "attributes": [
            {
                "QUANTITYORDERED": 32,
                "PRICEEACH": 58.6,
                "SALES": 1875.2,
                "ORDERDATE": "7/21/2004 0:00",
                "STATUS": "Shipped",
                "PRODUCTLINE": "Planes",
                "MSRP": 49
            }
        ]
    },
    {
        "ORDERNUMBER": 10275,
        "PRODUCTCODE": "S10_1678",
        "attributes": [
            {
                "QUANTITYORDERED": 45,
                "PRICEEACH": 92.83,
                "SALES": 4177.35,
                "ORDERDATE": "7/23/2004 0:00",
                "STATUS": "Shipped",
                "PRODUCTLINE": "Motorcycles",
                "MSRP": 95
            }
        ]
    },
    {
        "ORDERNUMBER": 10275,
        "PRODUCTCODE": "S18_2581",
        "attributes": [
            {
                "QUANTITYORDERED": 35,
                "PRICEEACH": 90.39,
                "SALES": 3163.65,
                "ORDERDATE": "7/23/2004 0:00",
                "STATUS": "Shipped",
                "PRODUCTLINE": "Planes",
                "MSRP": 84
            }
        ]
    },
    {
        "ORDERNUMBER": 10275,
        "PRODUCTCODE": "S18_2625",
        "attributes": [
            {
                "QUANTITYORDERED": 37,
                "PRICEEACH": 63.6,
                "SALES": 2353.2,
                "ORDERDATE": "7/23/2004 0:00",
                "STATUS": "Shipped",
                "PRODUCTLINE": "Motorcycles",
                "MSRP": 60
            }
        ]
    },
    {
        "ORDERNUMBER": 10275,
        "PRODUCTCODE": "S24_1785",
        "attributes": [
            {
                "QUANTITYORDERED": 25,
                "PRICEEACH": 95.2,
                "SALES": 2380.0,
                "ORDERDATE": "7/23/2004 0:00",
                "STATUS": "Shipped",
                "PRODUCTLINE": "Planes",
                "MSRP": 109
            }
        ]
    },
    {
        "ORDERNUMBER": 10275,
        "PRODUCTCODE": "S24_2000",
        "attributes": [
            {
                "QUANTITYORDERED": 30,
                "PRICEEACH": 79.98,
                "SALES": 2399.4,
                "ORDERDATE": "7/23/2004 0:00",
                "STATUS": "Shipped",
                "PRODUCTLINE": "Motorcycles",
                "MSRP": 76
            }
        ]
    },
    {
        "ORDERNUMBER": 10275,
        "PRODUCTCODE": "S24_3949",
        "attributes": [
            {
                "QUANTITYORDERED": 41,
                "PRICEEACH": 81.89,
                "SALES": 3357.49,
                "ORDERDATE": "7/23/2004 0:00",
                "STATUS": "Shipped",
                "PRODUCTLINE": "Planes",
                "MSRP": 68
            }
        ]
    },
    {
        "ORDERNUMBER": 10275,
        "PRODUCTCODE": "S24_4278",
        "attributes": [
            {
                "QUANTITYORDERED": 27,
                "PRICEEACH": 62.31,
                "SALES": 1682.37,
                "ORDERDATE": "7/23/2004 0:00",
                "STATUS": "Shipped",
                "PRODUCTLINE": "Planes",
                "MSRP": 72
            }
        ]
    },
    {
        "ORDERNUMBER": 10275,
        "PRODUCTCODE": "S32_1374",
        "attributes": [
            {
                "QUANTITYORDERED": 23,
                "PRICEEACH": 81.91,
                "SALES": 1883.93,
                "ORDERDATE": "7/23/2004 0:00",
                "STATUS": "Shipped",
                "PRODUCTLINE": "Motorcycles",
                "MSRP": 99
            }
        ]
    },
    {
        "ORDERNUMBER": 10275,
        "PRODUCTCODE": "S32_4289",
        "attributes": [
            {
                "QUANTITYORDERED": 28,
                "PRICEEACH": 63.97,
                "SALES": 1791.16,
                "ORDERDATE": "7/23/2004 0:00",
                "STATUS": "Shipped",
                "PRODUCTLINE": "Vintage Cars",
                "MSRP": 68
            }
        ]
    },
    {
        "ORDERNUMBER": 10275,
        "PRODUCTCODE": "S50_1341",
        "attributes": [
            {
                "QUANTITYORDERED": 38,
                "PRICEEACH": 45.39,
                "SALES": 1724.82,
                "ORDERDATE": "7/23/2004 0:00",
                "STATUS": "Shipped",
                "PRODUCTLINE": "Vintage Cars",
                "MSRP": 43
            }
        ]
    },
    {
        "ORDERNUMBER": 10275,
        "PRODUCTCODE": "S700_1691",
        "attributes": [
            {
                "QUANTITYORDERED": 32,
                "PRICEEACH": 89.51,
                "SALES": 2864.32,
                "ORDERDATE": "7/23/2004 0:00",
                "STATUS": "Shipped",
                "PRODUCTLINE": "Planes",
                "MSRP": 91
            }
        ]
    },
    {
        "ORDERNUMBER": 10275,
        "PRODUCTCODE": "S700_3167",
        "attributes": [
            {
                "QUANTITYORDERED": 43,
                "PRICEEACH": 73.6,
                "SALES": 3164.8,
                "ORDERDATE": "7/23/2004 0:00",
                "STATUS": "Shipped",
                "PRODUCTLINE": "Planes",
                "MSRP": 80
            }
        ]
    },
    {
        "ORDERNUMBER": 10275,
        "PRODUCTCODE": "S700_4002",
        "attributes": [
            {
                "QUANTITYORDERED": 31,
                "PRICEEACH": 72.55,
                "SALES": 2249.05,
                "ORDERDATE": "7/23/2004 0:00",
                "STATUS": "Shipped",
                "PRODUCTLINE": "Planes",
                "MSRP": 74
            }
        ]
    },
    {
        "ORDERNUMBER": 10276,
        "PRODUCTCODE": "S12_3990",
        "attributes": [
            {
                "QUANTITYORDERED": 38,
                "PRICEEACH": 83.79,
                "SALES": 3184.02,
                "ORDERDATE": "8/2/2004 0:00",
                "STATUS": "Shipped",
                "PRODUCTLINE": "Classic Cars",
                "MSRP": 79
            }
        ]
    },
    {
        "ORDERNUMBER": 10276,
        "PRODUCTCODE": "S18_3278",
        "attributes": [
            {
                "QUANTITYORDERED": 38,
                "PRICEEACH": 69.96,
                "SALES": 2658.48,
                "ORDERDATE": "8/2/2004 0:00",
                "STATUS": "Shipped",
                "PRODUCTLINE": "Classic Cars",
                "MSRP": 80
            }
        ]
    },
    {
        "ORDERNUMBER": 10276,
        "PRODUCTCODE": "S18_3782",
        "attributes": [
            {
                "QUANTITYORDERED": 33,
                "PRICEEACH": 50.36,
                "SALES": 1661.88,
                "ORDERDATE": "8/2/2004 0:00",
                "STATUS": "Shipped",
                "PRODUCTLINE": "Motorcycles",
                "MSRP": 62
            }
        ]
    },
    {
        "ORDERNUMBER": 10276,
        "PRODUCTCODE": "S24_2360",
        "attributes": [
            {
                "QUANTITYORDERED": 46,
                "PRICEEACH": 75.49,
                "SALES": 3472.54,
                "ORDERDATE": "8/2/2004 0:00",
                "STATUS": "Shipped",
                "PRODUCTLINE": "Motorcycles",
                "MSRP": 69
            }
        ]
    },
    {
        "ORDERNUMBER": 10276,
        "PRODUCTCODE": "S24_3371",
        "attributes": [
            {
                "QUANTITYORDERED": 20,
                "PRICEEACH": 61.23,
                "SALES": 1224.6,
                "ORDERDATE": "8/2/2004 0:00",
                "STATUS": "Shipped",
                "PRODUCTLINE": "Classic Cars",
                "MSRP": 61
            }
        ]
    },
    {
        "ORDERNUMBER": 10276,
        "PRODUCTCODE": "S24_4620",
        "attributes": [
            {
                "QUANTITYORDERED": 48,
                "PRICEEACH": 75.18,
                "SALES": 3608.64,
                "ORDERDATE": "8/2/2004 0:00",
                "STATUS": "Shipped",
                "PRODUCTLINE": "Classic Cars",
                "MSRP": 80
            }
        ]
    },
    {
        "ORDERNUMBER": 10276,
        "PRODUCTCODE": "S32_2206",
        "attributes": [
            {
                "QUANTITYORDERED": 27,
                "PRICEEACH": 36.61,
                "SALES": 988.47,
                "ORDERDATE": "8/2/2004 0:00",
                "STATUS": "Shipped",
                "PRODUCTLINE": "Motorcycles",
                "MSRP": 40
            }
        ]
    },
    {
        "ORDERNUMBER": 10276,
        "PRODUCTCODE": "S50_4713",
        "attributes": [
            {
                "QUANTITYORDERED": 21,
                "PRICEEACH": 70.78,
                "SALES": 1486.38,
                "ORDERDATE": "8/2/2004 0:00",
                "STATUS": "Shipped",
                "PRODUCTLINE": "Motorcycles",
                "MSRP": 81
            }
        ]
    },
    {
        "ORDERNUMBER": 10278,
        "PRODUCTCODE": "S18_1889",
        "attributes": [
            {
                "QUANTITYORDERED": 29,
                "PRICEEACH": 90.86,
                "SALES": 2634.94,
                "ORDERDATE": "8/6/2004 0:00",
                "STATUS": "Shipped",
                "PRODUCTLINE": "Classic Cars",
                "MSRP": 77
            }
        ]
    },
    {
        "ORDERNUMBER": 10278,
        "PRODUCTCODE": "S24_1628",
        "attributes": [
            {
                "QUANTITYORDERED": 35,
                "PRICEEACH": 45.28,
                "SALES": 1584.8,
                "ORDERDATE": "8/6/2004 0:00",
                "STATUS": "Shipped",
                "PRODUCTLINE": "Classic Cars",
                "MSRP": 50
            }
        ]
    },
    {
        "ORDERNUMBER": 10278,
        "PRODUCTCODE": "S24_2972",
        "attributes": [
            {
                "QUANTITYORDERED": 31,
                "PRICEEACH": 38.89,
                "SALES": 1205.59,
                "ORDERDATE": "8/6/2004 0:00",
                "STATUS": "Shipped",
                "PRODUCTLINE": "Classic Cars",
                "MSRP": 37
            }
        ]
    },
    {
        "ORDERNUMBER": 10279,
        "PRODUCTCODE": "S18_4933",
        "attributes": [
            {
                "QUANTITYORDERED": 26,
                "PRICEEACH": 60.58,
                "SALES": 1575.08,
                "ORDERDATE": "8/9/2004 0:00",
                "STATUS": "Shipped",
                "PRODUCTLINE": "Classic Cars",
                "MSRP": 71
            }
        ]
    },
    {
        "ORDERNUMBER": 10279,
        "PRODUCTCODE": "S24_1046",
        "attributes": [
            {
                "QUANTITYORDERED": 32,
                "PRICEEACH": 74.96,
                "SALES": 2398.72,
                "ORDERDATE": "8/9/2004 0:00",
                "STATUS": "Shipped",
                "PRODUCTLINE": "Classic Cars",
                "MSRP": 73
            }
        ]
    },
    {
        "ORDERNUMBER": 10279,
        "PRODUCTCODE": "S24_2766",
        "attributes": [
            {
                "QUANTITYORDERED": 49,
                "PRICEEACH": 79.97,
                "SALES": 3918.53,
                "ORDERDATE": "8/9/2004 0:00",
                "STATUS": "Shipped",
                "PRODUCTLINE": "Classic Cars",
                "MSRP": 90
            }
        ]
    },
    {
        "ORDERNUMBER": 10279,
        "PRODUCTCODE": "S24_3191",
        "attributes": [
            {
                "QUANTITYORDERED": 33,
                "PRICEEACH": 71.06,
                "SALES": 2344.98,
                "ORDERDATE": "8/9/2004 0:00",
                "STATUS": "Shipped",
                "PRODUCTLINE": "Classic Cars",
                "MSRP": 85
            }
        ]
    },
    {
        "ORDERNUMBER": 10280,
        "PRODUCTCODE": "S18_1367",
        "attributes": [
            {
                "QUANTITYORDERED": 27,
                "PRICEEACH": 57.68,
                "SALES": 1557.36,
                "ORDERDATE": "8/17/2004 0:00",
                "STATUS": "Shipped",
                "PRODUCTLINE": "Vintage Cars",
                "MSRP": 53
            }
        ]
    },
    {
        "ORDERNUMBER": 10280,
        "PRODUCTCODE": "S18_2248",
        "attributes": [
            {
                "QUANTITYORDERED": 25,
                "PRICEEACH": 62.96,
                "SALES": 1574.0,
                "ORDERDATE": "8/17/2004 0:00",
                "STATUS": "Shipped",
                "PRODUCTLINE": "Vintage Cars",
                "MSRP": 60
            }
        ]
    },
    {
        "ORDERNUMBER": 10280,
        "PRODUCTCODE": "S18_2957",
        "attributes": [
            {
                "QUANTITYORDERED": 43,
                "PRICEEACH": 68.71,
                "SALES": 2954.53,
                "ORDERDATE": "8/17/2004 0:00",
                "STATUS": "Shipped",
                "PRODUCTLINE": "Vintage Cars",
                "MSRP": 62
            }
        ]
    },
    {
        "ORDERNUMBER": 10280,
        "PRODUCTCODE": "S24_1937",
        "attributes": [
            {
                "QUANTITYORDERED": 20,
                "PRICEEACH": 28.88,
                "SALES": 577.6,
                "ORDERDATE": "8/17/2004 0:00",
                "STATUS": "Shipped",
                "PRODUCTLINE": "Vintage Cars",
                "MSRP": 33
            }
        ]
    },
    {
        "ORDERNUMBER": 10280,
        "PRODUCTCODE": "S24_2022",
        "attributes": [
            {
                "QUANTITYORDERED": 45,
                "PRICEEACH": 47.49,
                "SALES": 2137.05,
                "ORDERDATE": "8/17/2004 0:00",
                "STATUS": "Shipped",
                "PRODUCTLINE": "Vintage Cars",
                "MSRP": 44
            }
        ]
    },
    {
        "ORDERNUMBER": 10280,
        "PRODUCTCODE": "S24_3969",
        "attributes": [
            {
                "QUANTITYORDERED": 33,
                "PRICEEACH": 41.85,
                "SALES": 1381.05,
                "ORDERDATE": "8/17/2004 0:00",
                "STATUS": "Shipped",
                "PRODUCTLINE": "Vintage Cars",
                "MSRP": 41
            }
        ]
    },
    {
        "ORDERNUMBER": 10280,
        "PRODUCTCODE": "S24_4258",
        "attributes": [
            {
                "QUANTITYORDERED": 21,
                "PRICEEACH": 78.89,
                "SALES": 1656.69,
                "ORDERDATE": "8/17/2004 0:00",
                "STATUS": "Shipped",
                "PRODUCTLINE": "Vintage Cars",
                "MSRP": 97
            }
        ]
    },
    {
        "ORDERNUMBER": 10281,
        "PRODUCTCODE": "S18_2432",
        "attributes": [
            {
                "QUANTITYORDERED": 29,
                "PRICEEACH": 57.73,
                "SALES": 1674.17,
                "ORDERDATE": "8/19/2004 0:00",
                "STATUS": "Shipped",
                "PRODUCTLINE": "Trucks and Buses",
                "MSRP": 60
            }
        ]
    },
    {
        "ORDERNUMBER": 10281,
        "PRODUCTCODE": "S18_4600",
        "attributes": [
            {
                "QUANTITYORDERED": 25,
                "PRICEEACH": 99.29,
                "SALES": 2482.25,
                "ORDERDATE": "8/19/2004 0:00",
                "STATUS": "Shipped",
                "PRODUCTLINE": "Trucks and Buses",
                "MSRP": 121
            }
        ]
    },
    {
        "ORDERNUMBER": 10281,
        "PRODUCTCODE": "S18_4668",
        "attributes": [
            {
                "QUANTITYORDERED": 44,
                "PRICEEACH": 59.87,
                "SALES": 2634.28,
                "ORDERDATE": "8/19/2004 0:00",
                "STATUS": "Shipped",
                "PRODUCTLINE": "Vintage Cars",
                "MSRP": 50
            }
        ]
    },
    {
        "ORDERNUMBER": 10281,
        "PRODUCTCODE": "S24_2840",
        "attributes": [
            {
                "QUANTITYORDERED": 20,
                "PRICEEACH": 40.66,
                "SALES": 813.2,
                "ORDERDATE": "8/19/2004 0:00",
                "STATUS": "Shipped",
                "PRODUCTLINE": "Classic Cars",
                "MSRP": 35
            }
        ]
    },
    {
        "ORDERNUMBER": 10281,
        "PRODUCTCODE": "S32_1268",
        "attributes": [
            {
                "QUANTITYORDERED": 29,
                "PRICEEACH": 82.83,
                "SALES": 2402.07,
                "ORDERDATE": "8/19/2004 0:00",
                "STATUS": "Shipped",
                "PRODUCTLINE": "Trucks and Buses",
                "MSRP": 96
            }
        ]
    },
    {
        "ORDERNUMBER": 10281,
        "PRODUCTCODE": "S32_2509",
        "attributes": [
            {
                "QUANTITYORDERED": 31,
                "PRICEEACH": 55.19,
                "SALES": 1710.89,
                "ORDERDATE": "8/19/2004 0:00",
                "STATUS": "Shipped",
                "PRODUCTLINE": "Trucks and Buses",
                "MSRP": 54
            }
        ]
    },
    {
        "ORDERNUMBER": 10281,
        "PRODUCTCODE": "S32_3522",
        "attributes": [
            {
                "QUANTITYORDERED": 36,
                "PRICEEACH": 77.57,
                "SALES": 2792.52,
                "ORDERDATE": "8/19/2004 0:00",
                "STATUS": "Shipped",
                "PRODUCTLINE": "Trucks and Buses",
                "MSRP": 64
            }
        ]
    },
    {
        "ORDERNUMBER": 10281,
        "PRODUCTCODE": "S700_2824",
        "attributes": [
            {
                "QUANTITYORDERED": 27,
                "PRICEEACH": 85.98,
                "SALES": 2321.46,
                "ORDERDATE": "8/19/2004 0:00",
                "STATUS": "Shipped",
                "PRODUCTLINE": "Classic Cars",
                "MSRP": 101
            }
        ]
    },
    {
        "ORDERNUMBER": 10282,
        "PRODUCTCODE": "S24_1444",
        "attributes": [
            {
                "QUANTITYORDERED": 29,
                "PRICEEACH": 46.82,
                "SALES": 1357.78,
                "ORDERDATE": "8/20/2004 0:00",
                "STATUS": "Shipped",
                "PRODUCTLINE": "Classic Cars",
                "MSRP": 57
            }
        ]
    },
    {
        "ORDERNUMBER": 10282,
        "PRODUCTCODE": "S32_3207",
        "attributes": [
            {
                "QUANTITYORDERED": 36,
                "PRICEEACH": 59.65,
                "SALES": 2147.4,
                "ORDERDATE": "8/20/2004 0:00",
                "STATUS": "Shipped",
                "PRODUCTLINE": "Trains",
                "MSRP": 62
            }
        ]
    },
    {
        "ORDERNUMBER": 10282,
        "PRODUCTCODE": "S50_1514",
        "attributes": [
            {
                "QUANTITYORDERED": 37,
                "PRICEEACH": 66.78,
                "SALES": 2470.86,
                "ORDERDATE": "8/20/2004 0:00",
                "STATUS": "Shipped",
                "PRODUCTLINE": "Trains",
                "MSRP": 58
            }
        ]
    },
    {
        "ORDERNUMBER": 10282,
        "PRODUCTCODE": "S700_1938",
        "attributes": [
            {
                "QUANTITYORDERED": 43,
                "PRICEEACH": 86.61,
                "SALES": 3724.23,
                "ORDERDATE": "8/20/2004 0:00",
                "STATUS": "Shipped",
                "PRODUCTLINE": "Ships",
                "MSRP": 86
            }
        ]
    },
    {
        "ORDERNUMBER": 10283,
        "PRODUCTCODE": "S18_3029",
        "attributes": [
            {
                "QUANTITYORDERED": 21,
                "PRICEEACH": 98.06,
                "SALES": 2059.26,
                "ORDERDATE": "8/20/2004 0:00",
                "STATUS": "Shipped",
                "PRODUCTLINE": "Ships",
                "MSRP": 86
            }
        ]
    },
    {
        "ORDERNUMBER": 10283,
        "PRODUCTCODE": "S24_3151",
        "attributes": [
            {
                "QUANTITYORDERED": 34,
                "PRICEEACH": 92.94,
                "SALES": 3159.96,
                "ORDERDATE": "8/20/2004 0:00",
                "STATUS": "Shipped",
                "PRODUCTLINE": "Vintage Cars",
                "MSRP": 88
            }
        ]
    },
    {
        "ORDERNUMBER": 10283,
        "PRODUCTCODE": "S24_3816",
        "attributes": [
            {
                "QUANTITYORDERED": 33,
                "PRICEEACH": 72.96,
                "SALES": 2407.68,
                "ORDERDATE": "8/20/2004 0:00",
                "STATUS": "Shipped",
                "PRODUCTLINE": "Vintage Cars",
                "MSRP": 83
            }
        ]
    },
    {
        "ORDERNUMBER": 10283,
        "PRODUCTCODE": "S700_1138",
        "attributes": [
            {
                "QUANTITYORDERED": 45,
                "PRICEEACH": 78.67,
                "SALES": 3540.15,
                "ORDERDATE": "8/20/2004 0:00",
                "STATUS": "Shipped",
                "PRODUCTLINE": "Ships",
                "MSRP": 66
            }
        ]
    },
    {
        "ORDERNUMBER": 10283,
        "PRODUCTCODE": "S700_2047",
        "attributes": [
            {
                "QUANTITYORDERED": 20,
                "PRICEEACH": 94.14,
                "SALES": 1882.8,
                "ORDERDATE": "8/20/2004 0:00",
                "STATUS": "Shipped",
                "PRODUCTLINE": "Ships",
                "MSRP": 90
            }
        ]
    },
    {
        "ORDERNUMBER": 10283,
        "PRODUCTCODE": "S700_2610",
        "attributes": [
            {
                "QUANTITYORDERED": 47,
                "PRICEEACH": 65.77,
                "SALES": 3091.19,
                "ORDERDATE": "8/20/2004 0:00",
                "STATUS": "Shipped",
                "PRODUCTLINE": "Ships",
                "MSRP": 72
            }
        ]
    },
    {
        "ORDERNUMBER": 10283,
        "PRODUCTCODE": "S700_3505",
        "attributes": [
            {
                "QUANTITYORDERED": 22,
                "PRICEEACH": 88.15,
                "SALES": 1939.3,
                "ORDERDATE": "8/20/2004 0:00",
                "STATUS": "Shipped",
                "PRODUCTLINE": "Ships",
                "MSRP": 100
            }
        ]
    },
    {
        "ORDERNUMBER": 10283,
        "PRODUCTCODE": "S700_3962",
        "attributes": [
            {
                "QUANTITYORDERED": 38,
                "PRICEEACH": 89.38,
                "SALES": 3396.44,
                "ORDERDATE": "8/20/2004 0:00",
                "STATUS": "Shipped",
                "PRODUCTLINE": "Ships",
                "MSRP": 99
            }
        ]
    },
    {
        "ORDERNUMBER": 10283,
        "PRODUCTCODE": "S72_1253",
        "attributes": [
            {
                "QUANTITYORDERED": 43,
                "PRICEEACH": 57.61,
                "SALES": 2477.23,
                "ORDERDATE": "8/20/2004 0:00",
                "STATUS": "Shipped",
                "PRODUCTLINE": "Planes",
                "MSRP": 49
            }
        ]
    },
    {
        "ORDERNUMBER": 10283,
        "PRODUCTCODE": "S72_3212",
        "attributes": [
            {
                "QUANTITYORDERED": 33,
                "PRICEEACH": 51.32,
                "SALES": 1693.56,
                "ORDERDATE": "8/20/2004 0:00",
                "STATUS": "Shipped",
                "PRODUCTLINE": "Ships",
                "MSRP": 54
            }
        ]
    },
    {
        "ORDERNUMBER": 10284,
        "PRODUCTCODE": "S18_2581",
        "attributes": [
            {
                "QUANTITYORDERED": 31,
                "PRICEEACH": 71.81,
                "SALES": 2226.11,
                "ORDERDATE": "8/21/2004 0:00",
                "STATUS": "Shipped",
                "PRODUCTLINE": "Planes",
                "MSRP": 84
            }
        ]
    },
    {
        "ORDERNUMBER": 10284,
        "PRODUCTCODE": "S24_2841",
        "attributes": [
            {
                "QUANTITYORDERED": 30,
                "PRICEEACH": 73.99,
                "SALES": 2219.7,
                "ORDERDATE": "8/21/2004 0:00",
                "STATUS": "Shipped",
                "PRODUCTLINE": "Planes",
                "MSRP": 68
            }
        ]
    },
    {
        "ORDERNUMBER": 10284,
        "PRODUCTCODE": "S24_3420",
        "attributes": [
            {
                "QUANTITYORDERED": 39,
                "PRICEEACH": 71.67,
                "SALES": 2795.13,
                "ORDERDATE": "8/21/2004 0:00",
                "STATUS": "Shipped",
                "PRODUCTLINE": "Vintage Cars",
                "MSRP": 65
            }
        ]
    },
    {
        "ORDERNUMBER": 10284,
        "PRODUCTCODE": "S24_3949",
        "attributes": [
            {
                "QUANTITYORDERED": 21,
                "PRICEEACH": 55.96,
                "SALES": 1175.16,
                "ORDERDATE": "8/21/2004 0:00",
                "STATUS": "Shipped",
                "PRODUCTLINE": "Planes",
                "MSRP": 68
            }
        ]
    },
    {
        "ORDERNUMBER": 10284,
        "PRODUCTCODE": "S24_4278",
        "attributes": [
            {
                "QUANTITYORDERED": 21,
                "PRICEEACH": 71.0,
                "SALES": 1491.0,
                "ORDERDATE": "8/21/2004 0:00",
                "STATUS": "Shipped",
                "PRODUCTLINE": "Planes",
                "MSRP": 72
            }
        ]
    },
    {
        "ORDERNUMBER": 10284,
        "PRODUCTCODE": "S32_4289",
        "attributes": [
            {
                "QUANTITYORDERED": 50,
                "PRICEEACH": 81.86,
                "SALES": 4093.0,
                "ORDERDATE": "8/21/2004 0:00",
                "STATUS": "Shipped",
                "PRODUCTLINE": "Vintage Cars",
                "MSRP": 68
            }
        ]
    },
    {
        "ORDERNUMBER": 10284,
        "PRODUCTCODE": "S50_1341",
        "attributes": [
            {
                "QUANTITYORDERED": 33,
                "PRICEEACH": 51.93,
                "SALES": 1713.69,
                "ORDERDATE": "8/21/2004 0:00",
                "STATUS": "Shipped",
                "PRODUCTLINE": "Vintage Cars",
                "MSRP": 43
            }
        ]
    },
    {
        "ORDERNUMBER": 10284,
        "PRODUCTCODE": "S700_1691",
        "attributes": [
            {
                "QUANTITYORDERED": 24,
                "PRICEEACH": 83.12,
                "SALES": 1994.88,
                "ORDERDATE": "8/21/2004 0:00",
                "STATUS": "Shipped",
                "PRODUCTLINE": "Planes",
                "MSRP": 91
            }
        ]
    },
    {
        "ORDERNUMBER": 10284,
        "PRODUCTCODE": "S700_3167",
        "attributes": [
            {
                "QUANTITYORDERED": 25,
                "PRICEEACH": 69.6,
                "SALES": 1740.0,
                "ORDERDATE": "8/21/2004 0:00",
                "STATUS": "Shipped",
                "PRODUCTLINE": "Planes",
                "MSRP": 80
            }
        ]
    },
    {
        "ORDERNUMBER": 10284,
        "PRODUCTCODE": "S700_4002",
        "attributes": [
            {
                "QUANTITYORDERED": 32,
                "PRICEEACH": 64.41,
                "SALES": 2061.12,
                "ORDERDATE": "8/21/2004 0:00",
                "STATUS": "Shipped",
                "PRODUCTLINE": "Planes",
                "MSRP": 74
            }
        ]
    },
    {
        "ORDERNUMBER": 10285,
        "PRODUCTCODE": "S18_2625",
        "attributes": [
            {
                "QUANTITYORDERED": 20,
                "PRICEEACH": 49.06,
                "SALES": 981.2,
                "ORDERDATE": "8/27/2004 0:00",
                "STATUS": "Shipped",
                "PRODUCTLINE": "Motorcycles",
                "MSRP": 60
            }
        ]
    },
    {
        "ORDERNUMBER": 10285,
        "PRODUCTCODE": "S24_2000",
        "attributes": [
            {
                "QUANTITYORDERED": 39,
                "PRICEEACH": 70.08,
                "SALES": 2733.12,
                "ORDERDATE": "8/27/2004 0:00",
                "STATUS": "Shipped",
                "PRODUCTLINE": "Motorcycles",
                "MSRP": 76
            }
        ]
    },
    {
        "ORDERNUMBER": 10285,
        "PRODUCTCODE": "S24_2360",
        "attributes": [
            {
                "QUANTITYORDERED": 38,
                "PRICEEACH": 59.56,
                "SALES": 2263.28,
                "ORDERDATE": "8/27/2004 0:00",
                "STATUS": "Shipped",
                "PRODUCTLINE": "Motorcycles",
                "MSRP": 69
            }
        ]
    },
    {
        "ORDERNUMBER": 10285,
        "PRODUCTCODE": "S32_1374",
        "attributes": [
            {
                "QUANTITYORDERED": 37,
                "PRICEEACH": 98.89,
                "SALES": 3658.93,
                "ORDERDATE": "8/27/2004 0:00",
                "STATUS": "Shipped",
                "PRODUCTLINE": "Motorcycles",
                "MSRP": 99
            }
        ]
    },
    {
        "ORDERNUMBER": 10285,
        "PRODUCTCODE": "S32_2206",
        "attributes": [
            {
                "QUANTITYORDERED": 37,
                "PRICEEACH": 41.03,
                "SALES": 1518.11,
                "ORDERDATE": "8/27/2004 0:00",
                "STATUS": "Shipped",
                "PRODUCTLINE": "Motorcycles",
                "MSRP": 40
            }
        ]
    },
    {
        "ORDERNUMBER": 10285,
        "PRODUCTCODE": "S50_4713",
        "attributes": [
            {
                "QUANTITYORDERED": 39,
                "PRICEEACH": 78.92,
                "SALES": 3077.88,
                "ORDERDATE": "8/27/2004 0:00",
                "STATUS": "Shipped",
                "PRODUCTLINE": "Motorcycles",
                "MSRP": 81
            }
        ]
    },
    {
        "ORDERNUMBER": 10286,
        "PRODUCTCODE": "S18_3782",
        "attributes": [
            {
                "QUANTITYORDERED": 38,
                "PRICEEACH": 57.2,
                "SALES": 2173.6,
                "ORDERDATE": "8/28/2004 0:00",
                "STATUS": "Shipped",
                "PRODUCTLINE": "Motorcycles",
                "MSRP": 62
            }
        ]
    },
    {
        "ORDERNUMBER": 10287,
        "PRODUCTCODE": "S12_3990",
        "attributes": [
            {
                "QUANTITYORDERED": 41,
                "PRICEEACH": 69.43,
                "SALES": 2846.63,
                "ORDERDATE": "8/30/2004 0:00",
                "STATUS": "Shipped",
                "PRODUCTLINE": "Classic Cars",
                "MSRP": 79
            }
        ]
    },
    {
        "ORDERNUMBER": 10287,
        "PRODUCTCODE": "S18_1889",
        "attributes": [
            {
                "QUANTITYORDERED": 44,
                "PRICEEACH": 82.39,
                "SALES": 3625.16,
                "ORDERDATE": "8/30/2004 0:00",
                "STATUS": "Shipped",
                "PRODUCTLINE": "Classic Cars",
                "MSRP": 77
            }
        ]
    },
    {
        "ORDERNUMBER": 10287,
        "PRODUCTCODE": "S18_3278",
        "attributes": [
            {
                "QUANTITYORDERED": 43,
                "PRICEEACH": 70.76,
                "SALES": 3042.68,
                "ORDERDATE": "8/30/2004 0:00",
                "STATUS": "Shipped",
                "PRODUCTLINE": "Classic Cars",
                "MSRP": 80
            }
        ]
    },
    {
        "ORDERNUMBER": 10287,
        "PRODUCTCODE": "S24_2972",
        "attributes": [
            {
                "QUANTITYORDERED": 36,
                "PRICEEACH": 39.65,
                "SALES": 1427.4,
                "ORDERDATE": "8/30/2004 0:00",
                "STATUS": "Shipped",
                "PRODUCTLINE": "Classic Cars",
                "MSRP": 37
            }
        ]
    },
    {
        "ORDERNUMBER": 10287,
        "PRODUCTCODE": "S24_3371",
        "attributes": [
            {
                "QUANTITYORDERED": 20,
                "PRICEEACH": 67.97,
                "SALES": 1359.4,
                "ORDERDATE": "8/30/2004 0:00",
                "STATUS": "Shipped",
                "PRODUCTLINE": "Classic Cars",
                "MSRP": 61
            }
        ]
    },
    {
        "ORDERNUMBER": 10287,
        "PRODUCTCODE": "S24_4620",
        "attributes": [
            {
                "QUANTITYORDERED": 40,
                "PRICEEACH": 88.12,
                "SALES": 3524.8,
                "ORDERDATE": "8/30/2004 0:00",
                "STATUS": "Shipped",
                "PRODUCTLINE": "Classic Cars",
                "MSRP": 80
            }
        ]
    },
    {
        "ORDERNUMBER": 10288,
        "PRODUCTCODE": "S18_2248",
        "attributes": [
            {
                "QUANTITYORDERED": 28,
                "PRICEEACH": 61.75,
                "SALES": 1729.0,
                "ORDERDATE": "9/1/2004 0:00",
                "STATUS": "Shipped",
                "PRODUCTLINE": "Vintage Cars",
                "MSRP": 60
            }
        ]
    },
    {
        "ORDERNUMBER": 10288,
        "PRODUCTCODE": "S18_4409",
        "attributes": [
            {
                "QUANTITYORDERED": 35,
                "PRICEEACH": 80.99,
                "SALES": 2834.65,
                "ORDERDATE": "9/1/2004 0:00",
                "STATUS": "Shipped",
                "PRODUCTLINE": "Vintage Cars",
                "MSRP": 92
            }
        ]
    },
    {
        "ORDERNUMBER": 10288,
        "PRODUCTCODE": "S18_4933",
        "attributes": [
            {
                "QUANTITYORDERED": 23,
                "PRICEEACH": 73.41,
                "SALES": 1688.43,
                "ORDERDATE": "9/1/2004 0:00",
                "STATUS": "Shipped",
                "PRODUCTLINE": "Classic Cars",
                "MSRP": 71
            }
        ]
    },
    {
        "ORDERNUMBER": 10288,
        "PRODUCTCODE": "S24_1046",
        "attributes": [
            {
                "QUANTITYORDERED": 36,
                "PRICEEACH": 66.14,
                "SALES": 2381.04,
                "ORDERDATE": "9/1/2004 0:00",
                "STATUS": "Shipped",
                "PRODUCTLINE": "Classic Cars",
                "MSRP": 73
            }
        ]
    },
    {
        "ORDERNUMBER": 10288,
        "PRODUCTCODE": "S24_1628",
        "attributes": [
            {
                "QUANTITYORDERED": 50,
                "PRICEEACH": 52.32,
                "SALES": 2616.0,
                "ORDERDATE": "9/1/2004 0:00",
                "STATUS": "Shipped",
                "PRODUCTLINE": "Classic Cars",
                "MSRP": 50
            }
        ]
    },
    {
        "ORDERNUMBER": 10288,
        "PRODUCTCODE": "S24_1937",
        "attributes": [
            {
                "QUANTITYORDERED": 29,
                "PRICEEACH": 38.17,
                "SALES": 1106.93,
                "ORDERDATE": "9/1/2004 0:00",
                "STATUS": "Shipped",
                "PRODUCTLINE": "Vintage Cars",
                "MSRP": 33
            }
        ]
    },
    {
        "ORDERNUMBER": 10288,
        "PRODUCTCODE": "S24_2766",
        "attributes": [
            {
                "QUANTITYORDERED": 35,
                "PRICEEACH": 80.87,
                "SALES": 2830.45,
                "ORDERDATE": "9/1/2004 0:00",
                "STATUS": "Shipped",
                "PRODUCTLINE": "Classic Cars",
                "MSRP": 90
            }
        ]
    },
    {
        "ORDERNUMBER": 10288,
        "PRODUCTCODE": "S24_3191",
        "attributes": [
            {
                "QUANTITYORDERED": 34,
                "PRICEEACH": 68.49,
                "SALES": 2328.66,
                "ORDERDATE": "9/1/2004 0:00",
                "STATUS": "Shipped",
                "PRODUCTLINE": "Classic Cars",
                "MSRP": 85
            }
        ]
    },
    {
        "ORDERNUMBER": 10288,
        "PRODUCTCODE": "S24_3969",
        "attributes": [
            {
                "QUANTITYORDERED": 33,
                "PRICEEACH": 40.62,
                "SALES": 1340.46,
                "ORDERDATE": "9/1/2004 0:00",
                "STATUS": "Shipped",
                "PRODUCTLINE": "Vintage Cars",
                "MSRP": 41
            }
        ]
    },
    {
        "ORDERNUMBER": 10289,
        "PRODUCTCODE": "S18_1367",
        "attributes": [
            {
                "QUANTITYORDERED": 24,
                "PRICEEACH": 56.07,
                "SALES": 1345.68,
                "ORDERDATE": "9/3/2004 0:00",
                "STATUS": "Shipped",
                "PRODUCTLINE": "Vintage Cars",
                "MSRP": 53
            }
        ]
    },
    {
        "ORDERNUMBER": 10289,
        "PRODUCTCODE": "S24_2022",
        "attributes": [
            {
                "QUANTITYORDERED": 45,
                "PRICEEACH": 48.38,
                "SALES": 2177.1,
                "ORDERDATE": "9/3/2004 0:00",
                "STATUS": "Shipped",
                "PRODUCTLINE": "Vintage Cars",
                "MSRP": 44
            }
        ]
    },
    {
        "ORDERNUMBER": 10290,
        "PRODUCTCODE": "S18_3320",
        "attributes": [
            {
                "QUANTITYORDERED": 26,
                "PRICEEACH": 96.23,
                "SALES": 2501.98,
                "ORDERDATE": "9/7/2004 0:00",
                "STATUS": "Shipped",
                "PRODUCTLINE": "Vintage Cars",
                "MSRP": 99
            }
        ]
    },
    {
        "ORDERNUMBER": 10291,
        "PRODUCTCODE": "S18_2432",
        "attributes": [
            {
                "QUANTITYORDERED": 26,
                "PRICEEACH": 57.73,
                "SALES": 1500.98,
                "ORDERDATE": "9/8/2004 0:00",
                "STATUS": "Shipped",
                "PRODUCTLINE": "Trucks and Buses",
                "MSRP": 60
            }
        ]
    },
    {
        "ORDERNUMBER": 10291,
        "PRODUCTCODE": "S18_2957",
        "attributes": [
            {
                "QUANTITYORDERED": 37,
                "PRICEEACH": 50.59,
                "SALES": 1871.83,
                "ORDERDATE": "9/8/2004 0:00",
                "STATUS": "Shipped",
                "PRODUCTLINE": "Vintage Cars",
                "MSRP": 62
            }
        ]
    },
    {
        "ORDERNUMBER": 10291,
        "PRODUCTCODE": "S18_4668",
        "attributes": [
            {
                "QUANTITYORDERED": 29,
                "PRICEEACH": 51.82,
                "SALES": 1502.78,
                "ORDERDATE": "9/8/2004 0:00",
                "STATUS": "Shipped",
                "PRODUCTLINE": "Vintage Cars",
                "MSRP": 50
            }
        ]
    },
    {
        "ORDERNUMBER": 10291,
        "PRODUCTCODE": "S32_1268",
        "attributes": [
            {
                "QUANTITYORDERED": 26,
                "PRICEEACH": 83.79,
                "SALES": 2178.54,
                "ORDERDATE": "9/8/2004 0:00",
                "STATUS": "Shipped",
                "PRODUCTLINE": "Trucks and Buses",
                "MSRP": 96
            }
        ]
    },
    {
        "ORDERNUMBER": 10291,
        "PRODUCTCODE": "S32_3522",
        "attributes": [
            {
                "QUANTITYORDERED": 32,
                "PRICEEACH": 71.75,
                "SALES": 2296.0,
                "ORDERDATE": "9/8/2004 0:00",
                "STATUS": "Shipped",
                "PRODUCTLINE": "Trucks and Buses",
                "MSRP": 64
            }
        ]
    },
    {
        "ORDERNUMBER": 10292,
        "PRODUCTCODE": "S24_1444",
        "attributes": [
            {
                "QUANTITYORDERED": 40,
                "PRICEEACH": 53.75,
                "SALES": 2150.0,
                "ORDERDATE": "9/8/2004 0:00",
                "STATUS": "Shipped",
                "PRODUCTLINE": "Classic Cars",
                "MSRP": 57
            }
        ]
    },
    {
        "ORDERNUMBER": 10292,
        "PRODUCTCODE": "S24_2840",
        "attributes": [
            {
                "QUANTITYORDERED": 39,
                "PRICEEACH": 30.06,
                "SALES": 1172.34,
                "ORDERDATE": "9/8/2004 0:00",
                "STATUS": "Shipped",
                "PRODUCTLINE": "Classic Cars",
                "MSRP": 35
            }
        ]
    },
    {
        "ORDERNUMBER": 10292,
        "PRODUCTCODE": "S32_2509",
        "attributes": [
            {
                "QUANTITYORDERED": 50,
                "PRICEEACH": 46.53,
                "SALES": 2326.5,
                "ORDERDATE": "9/8/2004 0:00",
                "STATUS": "Shipped",
                "PRODUCTLINE": "Trucks and Buses",
                "MSRP": 54
            }
        ]
    },
    {
        "ORDERNUMBER": 10292,
        "PRODUCTCODE": "S32_3207",
        "attributes": [
            {
                "QUANTITYORDERED": 31,
                "PRICEEACH": 67.73,
                "SALES": 2099.63,
                "ORDERDATE": "9/8/2004 0:00",
                "STATUS": "Shipped",
                "PRODUCTLINE": "Trains",
                "MSRP": 62
            }
        ]
    },
    {
        "ORDERNUMBER": 10292,
        "PRODUCTCODE": "S50_1514",
        "attributes": [
            {
                "QUANTITYORDERED": 35,
                "PRICEEACH": 55.07,
                "SALES": 1927.45,
                "ORDERDATE": "9/8/2004 0:00",
                "STATUS": "Shipped",
                "PRODUCTLINE": "Trains",
                "MSRP": 58
            }
        ]
    },
    {
        "ORDERNUMBER": 10293,
        "PRODUCTCODE": "S700_1938",
        "attributes": [
            {
                "QUANTITYORDERED": 29,
                "PRICEEACH": 71.89,
                "SALES": 2084.81,
                "ORDERDATE": "9/9/2004 0:00",
                "STATUS": "Shipped",
                "PRODUCTLINE": "Ships",
                "MSRP": 86
            }
        ]
    },
    {
        "ORDERNUMBER": 10293,
        "PRODUCTCODE": "S72_3212",
        "attributes": [
            {
                "QUANTITYORDERED": 32,
                "PRICEEACH": 60.06,
                "SALES": 1921.92,
                "ORDERDATE": "9/9/2004 0:00",
                "STATUS": "Shipped",
                "PRODUCTLINE": "Ships",
                "MSRP": 54
            }
        ]
    },
    {
        "ORDERNUMBER": 10295,
        "PRODUCTCODE": "S24_3151",
        "attributes": [
            {
                "QUANTITYORDERED": 46,
                "PRICEEACH": 84.97,
                "SALES": 3908.62,
                "ORDERDATE": "9/10/2004 0:00",
                "STATUS": "Shipped",
                "PRODUCTLINE": "Vintage Cars",
                "MSRP": 88
            }
        ]
    },
    {
        "ORDERNUMBER": 10295,
        "PRODUCTCODE": "S700_1138",
        "attributes": [
            {
                "QUANTITYORDERED": 26,
                "PRICEEACH": 75.34,
                "SALES": 1958.84,
                "ORDERDATE": "9/10/2004 0:00",
                "STATUS": "Shipped",
                "PRODUCTLINE": "Ships",
                "MSRP": 66
            }
        ]
    },
    {
        "ORDERNUMBER": 10295,
        "PRODUCTCODE": "S700_2610",
        "attributes": [
            {
                "QUANTITYORDERED": 44,
                "PRICEEACH": 58.55,
                "SALES": 2576.2,
                "ORDERDATE": "9/10/2004 0:00",
                "STATUS": "Shipped",
                "PRODUCTLINE": "Ships",
                "MSRP": 72
            }
        ]
    },
    {
        "ORDERNUMBER": 10296,
        "PRODUCTCODE": "S18_3029",
        "attributes": [
            {
                "QUANTITYORDERED": 21,
                "PRICEEACH": 96.34,
                "SALES": 2023.14,
                "ORDERDATE": "9/15/2004 0:00",
                "STATUS": "Shipped",
                "PRODUCTLINE": "Ships",
                "MSRP": 86
            }
        ]
    },
    {
        "ORDERNUMBER": 10296,
        "PRODUCTCODE": "S18_3856",
        "attributes": [
            {
                "QUANTITYORDERED": 22,
                "PRICEEACH": 84.7,
                "SALES": 1863.4,
                "ORDERDATE": "9/15/2004 0:00",
                "STATUS": "Shipped",
                "PRODUCTLINE": "Vintage Cars",
                "MSRP": 105
            }
        ]
    },
    {
        "ORDERNUMBER": 10296,
        "PRODUCTCODE": "S24_2841",
        "attributes": [
            {
                "QUANTITYORDERED": 21,
                "PRICEEACH": 71.25,
                "SALES": 1496.25,
                "ORDERDATE": "9/15/2004 0:00",
                "STATUS": "Shipped",
                "PRODUCTLINE": "Planes",
                "MSRP": 68
            }
        ]
    },
    {
        "ORDERNUMBER": 10296,
        "PRODUCTCODE": "S24_3420",
        "attributes": [
            {
                "QUANTITYORDERED": 31,
                "PRICEEACH": 53.92,
                "SALES": 1671.52,
                "ORDERDATE": "9/15/2004 0:00",
                "STATUS": "Shipped",
                "PRODUCTLINE": "Vintage Cars",
                "MSRP": 65
            }
        ]
    },
    {
        "ORDERNUMBER": 10296,
        "PRODUCTCODE": "S24_3816",
        "attributes": [
            {
                "QUANTITYORDERED": 22,
                "PRICEEACH": 77.15,
                "SALES": 1697.3,
                "ORDERDATE": "9/15/2004 0:00",
                "STATUS": "Shipped",
                "PRODUCTLINE": "Vintage Cars",
                "MSRP": 83
            }
        ]
    },
    {
        "ORDERNUMBER": 10296,
        "PRODUCTCODE": "S24_3949",
        "attributes": [
            {
                "QUANTITYORDERED": 32,
                "PRICEEACH": 71.65,
                "SALES": 2292.8,
                "ORDERDATE": "9/15/2004 0:00",
                "STATUS": "Shipped",
                "PRODUCTLINE": "Planes",
                "MSRP": 68
            }
        ]
    },
    {
        "ORDERNUMBER": 10296,
        "PRODUCTCODE": "S50_1341",
        "attributes": [
            {
                "QUANTITYORDERED": 26,
                "PRICEEACH": 48.44,
                "SALES": 1259.44,
                "ORDERDATE": "9/15/2004 0:00",
                "STATUS": "Shipped",
                "PRODUCTLINE": "Vintage Cars",
                "MSRP": 43
            }
        ]
    },
    {
        "ORDERNUMBER": 10296,
        "PRODUCTCODE": "S700_3167",
        "attributes": [
            {
                "QUANTITYORDERED": 22,
                "PRICEEACH": 80.8,
                "SALES": 1777.6,
                "ORDERDATE": "9/15/2004 0:00",
                "STATUS": "Shipped",
                "PRODUCTLINE": "Planes",
                "MSRP": 80
            }
        ]
    },
    {
        "ORDERNUMBER": 10296,
        "PRODUCTCODE": "S700_4002",
        "attributes": [
            {
                "QUANTITYORDERED": 47,
                "PRICEEACH": 86.62,
                "SALES": 4071.14,
                "ORDERDATE": "9/15/2004 0:00",
                "STATUS": "Shipped",
                "PRODUCTLINE": "Planes",
                "MSRP": 74
            }
        ]
    },
    {
        "ORDERNUMBER": 10296,
        "PRODUCTCODE": "S72_1253",
        "attributes": [
            {
                "QUANTITYORDERED": 21,
                "PRICEEACH": 45.19,
                "SALES": 948.99,
                "ORDERDATE": "9/15/2004 0:00",
                "STATUS": "Shipped",
                "PRODUCTLINE": "Planes",
                "MSRP": 49
            }
        ]
    },
    {
        "ORDERNUMBER": 10297,
        "PRODUCTCODE": "S18_2581",
        "attributes": [
            {
                "QUANTITYORDERED": 25,
                "PRICEEACH": 82.79,
                "SALES": 2069.75,
                "ORDERDATE": "9/16/2004 0:00",
                "STATUS": "Shipped",
                "PRODUCTLINE": "Planes",
                "MSRP": 84
            }
        ]
    },
    {
        "ORDERNUMBER": 10297,
        "PRODUCTCODE": "S24_2000",
        "attributes": [
            {
                "QUANTITYORDERED": 32,
                "PRICEEACH": 65.51,
                "SALES": 2096.32,
                "ORDERDATE": "9/16/2004 0:00",
                "STATUS": "Shipped",
                "PRODUCTLINE": "Motorcycles",
                "MSRP": 76
            }
        ]
    },
    {
        "ORDERNUMBER": 10297,
        "PRODUCTCODE": "S24_4278",
        "attributes": [
            {
                "QUANTITYORDERED": 23,
                "PRICEEACH": 72.45,
                "SALES": 1666.35,
                "ORDERDATE": "9/16/2004 0:00",
                "STATUS": "Shipped",
                "PRODUCTLINE": "Planes",
                "MSRP": 72
            }
        ]
    },
    {
        "ORDERNUMBER": 10297,
        "PRODUCTCODE": "S32_4289",
        "attributes": [
            {
                "QUANTITYORDERED": 28,
                "PRICEEACH": 79.8,
                "SALES": 2234.4,
                "ORDERDATE": "9/16/2004 0:00",
                "STATUS": "Shipped",
                "PRODUCTLINE": "Vintage Cars",
                "MSRP": 68
            }
        ]
    },
    {
        "ORDERNUMBER": 10298,
        "PRODUCTCODE": "S10_2016",
        "attributes": [
            {
                "QUANTITYORDERED": 39,
                "PRICEEACH": 96.34,
                "SALES": 3757.26,
                "ORDERDATE": "9/27/2004 0:00",
                "STATUS": "Shipped",
                "PRODUCTLINE": "Motorcycles",
                "MSRP": 118
            }
        ]
    },
    {
        "ORDERNUMBER": 10298,
        "PRODUCTCODE": "S18_2625",
        "attributes": [
            {
                "QUANTITYORDERED": 32,
                "PRICEEACH": 48.46,
                "SALES": 1550.72,
                "ORDERDATE": "9/27/2004 0:00",
                "STATUS": "Shipped",
                "PRODUCTLINE": "Motorcycles",
                "MSRP": 60
            }
        ]
    },
    {
        "ORDERNUMBER": 10299,
        "PRODUCTCODE": "S18_3782",
        "attributes": [
            {
                "QUANTITYORDERED": 39,
                "PRICEEACH": 55.95,
                "SALES": 2182.05,
                "ORDERDATE": "9/30/2004 0:00",
                "STATUS": "Shipped",
                "PRODUCTLINE": "Motorcycles",
                "MSRP": 62
            }
        ]
    },
    {
        "ORDERNUMBER": 10299,
        "PRODUCTCODE": "S24_2360",
        "attributes": [
            {
                "QUANTITYORDERED": 33,
                "PRICEEACH": 66.49,
                "SALES": 2194.17,
                "ORDERDATE": "9/30/2004 0:00",
                "STATUS": "Shipped",
                "PRODUCTLINE": "Motorcycles",
                "MSRP": 69
            }
        ]
    },
    {
        "ORDERNUMBER": 10299,
        "PRODUCTCODE": "S24_4620",
        "attributes": [
            {
                "QUANTITYORDERED": 32,
                "PRICEEACH": 80.84,
                "SALES": 2586.88,
                "ORDERDATE": "9/30/2004 0:00",
                "STATUS": "Shipped",
                "PRODUCTLINE": "Classic Cars",
                "MSRP": 80
            }
        ]
    },
    {
        "ORDERNUMBER": 10299,
        "PRODUCTCODE": "S32_2206",
        "attributes": [
            {
                "QUANTITYORDERED": 24,
                "PRICEEACH": 42.24,
                "SALES": 1013.76,
                "ORDERDATE": "9/30/2004 0:00",
                "STATUS": "Shipped",
                "PRODUCTLINE": "Motorcycles",
                "MSRP": 40
            }
        ]
    },
    {
        "ORDERNUMBER": 10299,
        "PRODUCTCODE": "S50_4713",
        "attributes": [
            {
                "QUANTITYORDERED": 44,
                "PRICEEACH": 80.55,
                "SALES": 3544.2,
                "ORDERDATE": "9/30/2004 0:00",
                "STATUS": "Shipped",
                "PRODUCTLINE": "Motorcycles",
                "MSRP": 81
            }
        ]
    },
    {
        "ORDERNUMBER": 10303,
        "PRODUCTCODE": "S18_2248",
        "attributes": [
            {
                "QUANTITYORDERED": 46,
                "PRICEEACH": 49.04,
                "SALES": 2255.84,
                "ORDERDATE": "10/6/2004 0:00",
                "STATUS": "Shipped",
                "PRODUCTLINE": "Vintage Cars",
                "MSRP": 60
            }
        ]
    },
    {
        "ORDERNUMBER": 10303,
        "PRODUCTCODE": "S24_3969",
        "attributes": [
            {
                "QUANTITYORDERED": 24,
                "PRICEEACH": 40.21,
                "SALES": 965.04,
                "ORDERDATE": "10/6/2004 0:00",
                "STATUS": "Shipped",
                "PRODUCTLINE": "Vintage Cars",
                "MSRP": 41
            }
        ]
    },
    {
        "ORDERNUMBER": 10304,
        "PRODUCTCODE": "S18_1097",
        "attributes": [
            {
                "QUANTITYORDERED": 46,
                "PRICEEACH": 98.0,
                "SALES": 4508.0,
                "ORDERDATE": "10/11/2004 0:00",
                "STATUS": "Shipped",
                "PRODUCTLINE": "Trucks and Buses",
                "MSRP": 116
            }
        ]
    },
    {
        "ORDERNUMBER": 10304,
        "PRODUCTCODE": "S18_1342",
        "attributes": [
            {
                "QUANTITYORDERED": 37,
                "PRICEEACH": 95.55,
                "SALES": 3535.35,
                "ORDERDATE": "10/11/2004 0:00",
                "STATUS": "Shipped",
                "PRODUCTLINE": "Vintage Cars",
                "MSRP": 102
            }
        ]
    },
    {
        "ORDERNUMBER": 10304,
        "PRODUCTCODE": "S18_1367",
        "attributes": [
            {
                "QUANTITYORDERED": 37,
                "PRICEEACH": 48.52,
                "SALES": 1795.24,
                "ORDERDATE": "10/11/2004 0:00",
                "STATUS": "Shipped",
                "PRODUCTLINE": "Vintage Cars",
                "MSRP": 53
            }
        ]
    },
    {
        "ORDERNUMBER": 10304,
        "PRODUCTCODE": "S18_2957",
        "attributes": [
            {
                "QUANTITYORDERED": 24,
                "PRICEEACH": 64.96,
                "SALES": 1559.04,
                "ORDERDATE": "10/11/2004 0:00",
                "STATUS": "Shipped",
                "PRODUCTLINE": "Vintage Cars",
                "MSRP": 62
            }
        ]
    },
    {
        "ORDERNUMBER": 10304,
        "PRODUCTCODE": "S18_3136",
        "attributes": [
            {
                "QUANTITYORDERED": 26,
                "PRICEEACH": 85.87,
                "SALES": 2232.62,
                "ORDERDATE": "10/11/2004 0:00",
                "STATUS": "Shipped",
                "PRODUCTLINE": "Vintage Cars",
                "MSRP": 104
            }
        ]
    },
    {
        "ORDERNUMBER": 10304,
        "PRODUCTCODE": "S18_4668",
        "attributes": [
            {
                "QUANTITYORDERED": 34,
                "PRICEEACH": 49.3,
                "SALES": 1676.2,
                "ORDERDATE": "10/11/2004 0:00",
                "STATUS": "Shipped",
                "PRODUCTLINE": "Vintage Cars",
                "MSRP": 50
            }
        ]
    },
    {
        "ORDERNUMBER": 10304,
        "PRODUCTCODE": "S24_1937",
        "attributes": [
            {
                "QUANTITYORDERED": 23,
                "PRICEEACH": 30.2,
                "SALES": 694.6,
                "ORDERDATE": "10/11/2004 0:00",
                "STATUS": "Shipped",
                "PRODUCTLINE": "Vintage Cars",
                "MSRP": 33
            }
        ]
    },
    {
        "ORDERNUMBER": 10304,
        "PRODUCTCODE": "S24_2022",
        "attributes": [
            {
                "QUANTITYORDERED": 44,
                "PRICEEACH": 39.42,
                "SALES": 1734.48,
                "ORDERDATE": "10/11/2004 0:00",
                "STATUS": "Shipped",
                "PRODUCTLINE": "Vintage Cars",
                "MSRP": 44
            }
        ]
    },
    {
        "ORDERNUMBER": 10304,
        "PRODUCTCODE": "S32_3522",
        "attributes": [
            {
                "QUANTITYORDERED": 36,
                "PRICEEACH": 73.04,
                "SALES": 2629.44,
                "ORDERDATE": "10/11/2004 0:00",
                "STATUS": "Shipped",
                "PRODUCTLINE": "Trucks and Buses",
                "MSRP": 64
            }
        ]
    },
    {
        "ORDERNUMBER": 10305,
        "PRODUCTCODE": "S18_2432",
        "attributes": [
            {
                "QUANTITYORDERED": 41,
                "PRICEEACH": 53.48,
                "SALES": 2192.68,
                "ORDERDATE": "10/13/2004 0:00",
                "STATUS": "Shipped",
                "PRODUCTLINE": "Trucks and Buses",
                "MSRP": 60
            }
        ]
    },
    {
        "ORDERNUMBER": 10305,
        "PRODUCTCODE": "S18_4600",
        "attributes": [
            {
                "QUANTITYORDERED": 22,
                "PRICEEACH": 99.29,
                "SALES": 2184.38,
                "ORDERDATE": "10/13/2004 0:00",
                "STATUS": "Shipped",
                "PRODUCTLINE": "Trucks and Buses",
                "MSRP": 121
            }
        ]
    },
    {
        "ORDERNUMBER": 10305,
        "PRODUCTCODE": "S24_1444",
        "attributes": [
            {
                "QUANTITYORDERED": 45,
                "PRICEEACH": 61.85,
                "SALES": 2783.25,
                "ORDERDATE": "10/13/2004 0:00",
                "STATUS": "Shipped",
                "PRODUCTLINE": "Classic Cars",
                "MSRP": 57
            }
        ]
    },
    {
        "ORDERNUMBER": 10305,
        "PRODUCTCODE": "S24_2840",
        "attributes": [
            {
                "QUANTITYORDERED": 48,
                "PRICEEACH": 31.47,
                "SALES": 1510.56,
                "ORDERDATE": "10/13/2004 0:00",
                "STATUS": "Shipped",
                "PRODUCTLINE": "Classic Cars",
                "MSRP": 35
            }
        ]
    },
    {
        "ORDERNUMBER": 10305,
        "PRODUCTCODE": "S32_2509",
        "attributes": [
            {
                "QUANTITYORDERED": 40,
                "PRICEEACH": 57.9,
                "SALES": 2316.0,
                "ORDERDATE": "10/13/2004 0:00",
                "STATUS": "Shipped",
                "PRODUCTLINE": "Trucks and Buses",
                "MSRP": 54
            }
        ]
    },
    {
        "ORDERNUMBER": 10306,
        "PRODUCTCODE": "S18_3259",
        "attributes": [
            {
                "QUANTITYORDERED": 40,
                "PRICEEACH": 91.76,
                "SALES": 3670.4,
                "ORDERDATE": "10/14/2004 0:00",
                "STATUS": "Shipped",
                "PRODUCTLINE": "Trains",
                "MSRP": 100
            }
        ]
    },
    {
        "ORDERNUMBER": 10306,
        "PRODUCTCODE": "S18_4522",
        "attributes": [
            {
                "QUANTITYORDERED": 39,
                "PRICEEACH": 90.4,
                "SALES": 3525.6,
                "ORDERDATE": "10/14/2004 0:00",
                "STATUS": "Shipped",
                "PRODUCTLINE": "Vintage Cars",
                "MSRP": 87
            }
        ]
    },
    {
        "ORDERNUMBER": 10306,
        "PRODUCTCODE": "S24_3151",
        "attributes": [
            {
                "QUANTITYORDERED": 31,
                "PRICEEACH": 84.08,
                "SALES": 2606.48,
                "ORDERDATE": "10/14/2004 0:00",
                "STATUS": "Shipped",
                "PRODUCTLINE": "Vintage Cars",
                "MSRP": 88
            }
        ]
    },
    {
        "ORDERNUMBER": 10306,
        "PRODUCTCODE": "S32_3207",
        "attributes": [
            {
                "QUANTITYORDERED": 46,
                "PRICEEACH": 50.33,
                "SALES": 2315.18,
                "ORDERDATE": "10/14/2004 0:00",
                "STATUS": "Shipped",
                "PRODUCTLINE": "Trains",
                "MSRP": 62
            }
        ]
    },
    {
        "ORDERNUMBER": 10306,
        "PRODUCTCODE": "S50_1514",
        "attributes": [
            {
                "QUANTITYORDERED": 34,
                "PRICEEACH": 60.34,
                "SALES": 2051.56,
                "ORDERDATE": "10/14/2004 0:00",
                "STATUS": "Shipped",
                "PRODUCTLINE": "Trains",
                "MSRP": 58
            }
        ]
    },
    {
        "ORDERNUMBER": 10306,
        "PRODUCTCODE": "S700_1138",
        "attributes": [
            {
                "QUANTITYORDERED": 50,
                "PRICEEACH": 54.0,
                "SALES": 2700.0,
                "ORDERDATE": "10/14/2004 0:00",
                "STATUS": "Shipped",
                "PRODUCTLINE": "Ships",
                "MSRP": 66
            }
        ]
    },
    {
        "ORDERNUMBER": 10306,
        "PRODUCTCODE": "S700_1938",
        "attributes": [
            {
                "QUANTITYORDERED": 38,
                "PRICEEACH": 91.81,
                "SALES": 3488.78,
                "ORDERDATE": "10/14/2004 0:00",
                "STATUS": "Shipped",
                "PRODUCTLINE": "Ships",
                "MSRP": 86
            }
        ]
    },
    {
        "ORDERNUMBER": 10306,
        "PRODUCTCODE": "S700_2610",
        "attributes": [
            {
                "QUANTITYORDERED": 43,
                "PRICEEACH": 75.17,
                "SALES": 3232.31,
                "ORDERDATE": "10/14/2004 0:00",
                "STATUS": "Shipped",
                "PRODUCTLINE": "Ships",
                "MSRP": 72
            }
        ]
    },
    {
        "ORDERNUMBER": 10306,
        "PRODUCTCODE": "S700_3505",
        "attributes": [
            {
                "QUANTITYORDERED": 32,
                "PRICEEACH": 90.15,
                "SALES": 2884.8,
                "ORDERDATE": "10/14/2004 0:00",
                "STATUS": "Shipped",
                "PRODUCTLINE": "Ships",
                "MSRP": 100
            }
        ]
    },
    {
        "ORDERNUMBER": 10306,
        "PRODUCTCODE": "S72_3212",
        "attributes": [
            {
                "QUANTITYORDERED": 35,
                "PRICEEACH": 59.51,
                "SALES": 2082.85,
                "ORDERDATE": "10/14/2004 0:00",
                "STATUS": "Shipped",
                "PRODUCTLINE": "Ships",
                "MSRP": 54
            }
        ]
    },
    {
        "ORDERNUMBER": 10307,
        "PRODUCTCODE": "S18_3029",
        "attributes": [
            {
                "QUANTITYORDERED": 31,
                "PRICEEACH": 83.44,
                "SALES": 2586.64,
                "ORDERDATE": "10/14/2004 0:00",
                "STATUS": "Shipped",
                "PRODUCTLINE": "Ships",
                "MSRP": 86
            }
        ]
    },
    {
        "ORDERNUMBER": 10307,
        "PRODUCTCODE": "S18_3856",
        "attributes": [
            {
                "QUANTITYORDERED": 48,
                "PRICEEACH": 86.81,
                "SALES": 4166.88,
                "ORDERDATE": "10/14/2004 0:00",
                "STATUS": "Shipped",
                "PRODUCTLINE": "Vintage Cars",
                "MSRP": 105
            }
        ]
    },
    {
        "ORDERNUMBER": 10307,
        "PRODUCTCODE": "S24_2841",
        "attributes": [
            {
                "QUANTITYORDERED": 25,
                "PRICEEACH": 75.36,
                "SALES": 1884.0,
                "ORDERDATE": "10/14/2004 0:00",
                "STATUS": "Shipped",
                "PRODUCTLINE": "Planes",
                "MSRP": 68
            }
        ]
    },
    {
        "ORDERNUMBER": 10307,
        "PRODUCTCODE": "S24_3420",
        "attributes": [
            {
                "QUANTITYORDERED": 22,
                "PRICEEACH": 71.67,
                "SALES": 1576.74,
                "ORDERDATE": "10/14/2004 0:00",
                "STATUS": "Shipped",
                "PRODUCTLINE": "Vintage Cars",
                "MSRP": 65
            }
        ]
    },
    {
        "ORDERNUMBER": 10307,
        "PRODUCTCODE": "S24_3816",
        "attributes": [
            {
                "QUANTITYORDERED": 22,
                "PRICEEACH": 91.41,
                "SALES": 2011.02,
                "ORDERDATE": "10/14/2004 0:00",
                "STATUS": "Shipped",
                "PRODUCTLINE": "Vintage Cars",
                "MSRP": 83
            }
        ]
    },
    {
        "ORDERNUMBER": 10307,
        "PRODUCTCODE": "S700_2047",
        "attributes": [
            {
                "QUANTITYORDERED": 34,
                "PRICEEACH": 97.76,
                "SALES": 3323.84,
                "ORDERDATE": "10/14/2004 0:00",
                "STATUS": "Shipped",
                "PRODUCTLINE": "Ships",
                "MSRP": 90
            }
        ]
    },
    {
        "ORDERNUMBER": 10307,
        "PRODUCTCODE": "S72_1253",
        "attributes": [
            {
                "QUANTITYORDERED": 34,
                "PRICEEACH": 53.63,
                "SALES": 1823.42,
                "ORDERDATE": "10/14/2004 0:00",
                "STATUS": "Shipped",
                "PRODUCTLINE": "Planes",
                "MSRP": 49
            }
        ]
    },
    {
        "ORDERNUMBER": 10308,
        "PRODUCTCODE": "S18_2581",
        "attributes": [
            {
                "QUANTITYORDERED": 27,
                "PRICEEACH": 82.79,
                "SALES": 2235.33,
                "ORDERDATE": "10/15/2004 0:00",
                "STATUS": "Shipped",
                "PRODUCTLINE": "Planes",
                "MSRP": 84
            }
        ]
    },
    {
        "ORDERNUMBER": 10308,
        "PRODUCTCODE": "S18_2625",
        "attributes": [
            {
                "QUANTITYORDERED": 34,
                "PRICEEACH": 52.09,
                "SALES": 1771.06,
                "ORDERDATE": "10/15/2004 0:00",
                "STATUS": "Shipped",
                "PRODUCTLINE": "Motorcycles",
                "MSRP": 60
            }
        ]
    },
    {
        "ORDERNUMBER": 10308,
        "PRODUCTCODE": "S24_2000",
        "attributes": [
            {
                "QUANTITYORDERED": 47,
                "PRICEEACH": 63.22,
                "SALES": 2971.34,
                "ORDERDATE": "10/15/2004 0:00",
                "STATUS": "Shipped",
                "PRODUCTLINE": "Motorcycles",
                "MSRP": 76
            }
        ]
    },
    {
        "ORDERNUMBER": 10308,
        "PRODUCTCODE": "S24_3949",
        "attributes": [
            {
                "QUANTITYORDERED": 43,
                "PRICEEACH": 76.43,
                "SALES": 3286.49,
                "ORDERDATE": "10/15/2004 0:00",
                "STATUS": "Shipped",
                "PRODUCTLINE": "Planes",
                "MSRP": 68
            }
        ]
    },
    {
        "ORDERNUMBER": 10308,
        "PRODUCTCODE": "S24_4278",
        "attributes": [
            {
                "QUANTITYORDERED": 44,
                "PRICEEACH": 83.32,
                "SALES": 3666.08,
                "ORDERDATE": "10/15/2004 0:00",
                "STATUS": "Shipped",
                "PRODUCTLINE": "Planes",
                "MSRP": 72
            }
        ]
    },
    {
        "ORDERNUMBER": 10308,
        "PRODUCTCODE": "S32_1374",
        "attributes": [
            {
                "QUANTITYORDERED": 24,
                "PRICEEACH": 79.91,
                "SALES": 1917.84,
                "ORDERDATE": "10/15/2004 0:00",
                "STATUS": "Shipped",
                "PRODUCTLINE": "Motorcycles",
                "MSRP": 99
            }
        ]
    },
    {
        "ORDERNUMBER": 10308,
        "PRODUCTCODE": "S32_4289",
        "attributes": [
            {
                "QUANTITYORDERED": 46,
                "PRICEEACH": 66.04,
                "SALES": 3037.84,
                "ORDERDATE": "10/15/2004 0:00",
                "STATUS": "Shipped",
                "PRODUCTLINE": "Vintage Cars",
                "MSRP": 68
            }
        ]
    },
    {
        "ORDERNUMBER": 10308,
        "PRODUCTCODE": "S50_1341",
        "attributes": [
            {
                "QUANTITYORDERED": 47,
                "PRICEEACH": 43.64,
                "SALES": 2051.08,
                "ORDERDATE": "10/15/2004 0:00",
                "STATUS": "Shipped",
                "PRODUCTLINE": "Vintage Cars",
                "MSRP": 43
            }
        ]
    },
    {
        "ORDERNUMBER": 10308,
        "PRODUCTCODE": "S700_2466",
        "attributes": [
            {
                "QUANTITYORDERED": 35,
                "PRICEEACH": 88.75,
                "SALES": 3106.25,
                "ORDERDATE": "10/15/2004 0:00",
                "STATUS": "Shipped",
                "PRODUCTLINE": "Planes",
                "MSRP": 99
            }
        ]
    },
    {
        "ORDERNUMBER": 10308,
        "PRODUCTCODE": "S700_3167",
        "attributes": [
            {
                "QUANTITYORDERED": 21,
                "PRICEEACH": 87.2,
                "SALES": 1831.2,
                "ORDERDATE": "10/15/2004 0:00",
                "STATUS": "Shipped",
                "PRODUCTLINE": "Planes",
                "MSRP": 80
            }
        ]
    },
    {
        "ORDERNUMBER": 10308,
        "PRODUCTCODE": "S700_4002",
        "attributes": [
            {
                "QUANTITYORDERED": 39,
                "PRICEEACH": 68.11,
                "SALES": 2656.29,
                "ORDERDATE": "10/15/2004 0:00",
                "STATUS": "Shipped",
                "PRODUCTLINE": "Planes",
                "MSRP": 74
            }
        ]
    },
    {
        "ORDERNUMBER": 10309,
        "PRODUCTCODE": "S24_2360",
        "attributes": [
            {
                "QUANTITYORDERED": 24,
                "PRICEEACH": 56.1,
                "SALES": 1346.4,
                "ORDERDATE": "10/15/2004 0:00",
                "STATUS": "Shipped",
                "PRODUCTLINE": "Motorcycles",
                "MSRP": 69
            }
        ]
    },
    {
        "ORDERNUMBER": 10309,
        "PRODUCTCODE": "S32_4485",
        "attributes": [
            {
                "QUANTITYORDERED": 50,
                "PRICEEACH": 84.7,
                "SALES": 4235.0,
                "ORDERDATE": "10/15/2004 0:00",
                "STATUS": "Shipped",
                "PRODUCTLINE": "Motorcycles",
                "MSRP": 102
            }
        ]
    },
    {
        "ORDERNUMBER": 10309,
        "PRODUCTCODE": "S50_4713",
        "attributes": [
            {
                "QUANTITYORDERED": 28,
                "PRICEEACH": 88.68,
                "SALES": 2483.04,
                "ORDERDATE": "10/15/2004 0:00",
                "STATUS": "Shipped",
                "PRODUCTLINE": "Motorcycles",
                "MSRP": 81
            }
        ]
    },
    {
        "ORDERNUMBER": 10310,
        "PRODUCTCODE": "S12_3990",
        "attributes": [
            {
                "QUANTITYORDERED": 49,
                "PRICEEACH": 81.4,
                "SALES": 3988.6,
                "ORDERDATE": "10/16/2004 0:00",
                "STATUS": "Shipped",
                "PRODUCTLINE": "Classic Cars",
                "MSRP": 79
            }
        ]
    },
    {
        "ORDERNUMBER": 10310,
        "PRODUCTCODE": "S18_1889",
        "attributes": [
            {
                "QUANTITYORDERED": 20,
                "PRICEEACH": 91.63,
                "SALES": 1832.6,
                "ORDERDATE": "10/16/2004 0:00",
                "STATUS": "Shipped",
                "PRODUCTLINE": "Classic Cars",
                "MSRP": 77
            }
        ]
    },
    {
        "ORDERNUMBER": 10310,
        "PRODUCTCODE": "S18_3278",
        "attributes": [
            {
                "QUANTITYORDERED": 27,
                "PRICEEACH": 80.41,
                "SALES": 2171.07,
                "ORDERDATE": "10/16/2004 0:00",
                "STATUS": "Shipped",
                "PRODUCTLINE": "Classic Cars",
                "MSRP": 80
            }
        ]
    },
    {
        "ORDERNUMBER": 10310,
        "PRODUCTCODE": "S18_3782",
        "attributes": [
            {
                "QUANTITYORDERED": 42,
                "PRICEEACH": 67.14,
                "SALES": 2819.88,
                "ORDERDATE": "10/16/2004 0:00",
                "STATUS": "Shipped",
                "PRODUCTLINE": "Motorcycles",
                "MSRP": 62
            }
        ]
    },
    {
        "ORDERNUMBER": 10310,
        "PRODUCTCODE": "S24_2972",
        "attributes": [
            {
                "QUANTITYORDERED": 33,
                "PRICEEACH": 41.91,
                "SALES": 1383.03,
                "ORDERDATE": "10/16/2004 0:00",
                "STATUS": "Shipped",
                "PRODUCTLINE": "Classic Cars",
                "MSRP": 37
            }
        ]
    },
    {
        "ORDERNUMBER": 10310,
        "PRODUCTCODE": "S24_3371",
        "attributes": [
            {
                "QUANTITYORDERED": 38,
                "PRICEEACH": 56.94,
                "SALES": 2163.72,
                "ORDERDATE": "10/16/2004 0:00",
                "STATUS": "Shipped",
                "PRODUCTLINE": "Classic Cars",
                "MSRP": 61
            }
        ]
    },
    {
        "ORDERNUMBER": 10310,
        "PRODUCTCODE": "S24_4620",
        "attributes": [
            {
                "QUANTITYORDERED": 49,
                "PRICEEACH": 97.01,
                "SALES": 4753.49,
                "ORDERDATE": "10/16/2004 0:00",
                "STATUS": "Shipped",
                "PRODUCTLINE": "Classic Cars",
                "MSRP": 80
            }
        ]
    },
    {
        "ORDERNUMBER": 10310,
        "PRODUCTCODE": "S32_2206",
        "attributes": [
            {
                "QUANTITYORDERED": 36,
                "PRICEEACH": 43.05,
                "SALES": 1549.8,
                "ORDERDATE": "10/16/2004 0:00",
                "STATUS": "Shipped",
                "PRODUCTLINE": "Motorcycles",
                "MSRP": 40
            }
        ]
    },
    {
        "ORDERNUMBER": 10311,
        "PRODUCTCODE": "S18_4409",
        "attributes": [
            {
                "QUANTITYORDERED": 41,
                "PRICEEACH": 81.91,
                "SALES": 3358.31,
                "ORDERDATE": "10/16/2004 0:00",
                "STATUS": "Shipped",
                "PRODUCTLINE": "Vintage Cars",
                "MSRP": 92
            }
        ]
    },
    {
        "ORDERNUMBER": 10311,
        "PRODUCTCODE": "S18_4933",
        "attributes": [
            {
                "QUANTITYORDERED": 25,
                "PRICEEACH": 66.99,
                "SALES": 1674.75,
                "ORDERDATE": "10/16/2004 0:00",
                "STATUS": "Shipped",
                "PRODUCTLINE": "Classic Cars",
                "MSRP": 71
            }
        ]
    },
    {
        "ORDERNUMBER": 10311,
        "PRODUCTCODE": "S24_1046",
        "attributes": [
            {
                "QUANTITYORDERED": 26,
                "PRICEEACH": 87.45,
                "SALES": 2273.7,
                "ORDERDATE": "10/16/2004 0:00",
                "STATUS": "Shipped",
                "PRODUCTLINE": "Classic Cars",
                "MSRP": 73
            }
        ]
    },
    {
        "ORDERNUMBER": 10311,
        "PRODUCTCODE": "S24_1628",
        "attributes": [
            {
                "QUANTITYORDERED": 45,
                "PRICEEACH": 49.3,
                "SALES": 2218.5,
                "ORDERDATE": "10/16/2004 0:00",
                "STATUS": "Shipped",
                "PRODUCTLINE": "Classic Cars",
                "MSRP": 50
            }
        ]
    },
    {
        "ORDERNUMBER": 10311,
        "PRODUCTCODE": "S24_2766",
        "attributes": [
            {
                "QUANTITYORDERED": 28,
                "PRICEEACH": 93.6,
                "SALES": 2620.8,
                "ORDERDATE": "10/16/2004 0:00",
                "STATUS": "Shipped",
                "PRODUCTLINE": "Classic Cars",
                "MSRP": 90
            }
        ]
    },
    {
        "ORDERNUMBER": 10311,
        "PRODUCTCODE": "S24_3191",
        "attributes": [
            {
                "QUANTITYORDERED": 25,
                "PRICEEACH": 83.04,
                "SALES": 2076.0,
                "ORDERDATE": "10/16/2004 0:00",
                "STATUS": "Shipped",
                "PRODUCTLINE": "Classic Cars",
                "MSRP": 85
            }
        ]
    },
    {
        "ORDERNUMBER": 10311,
        "PRODUCTCODE": "S24_3432",
        "attributes": [
            {
                "QUANTITYORDERED": 46,
                "PRICEEACH": 92.09,
                "SALES": 4236.14,
                "ORDERDATE": "10/16/2004 0:00",
                "STATUS": "Shipped",
                "PRODUCTLINE": "Classic Cars",
                "MSRP": 107
            }
        ]
    },
    {
        "ORDERNUMBER": 10312,
        "PRODUCTCODE": "S18_1342",
        "attributes": [
            {
                "QUANTITYORDERED": 43,
                "PRICEEACH": 89.38,
                "SALES": 3843.34,
                "ORDERDATE": "10/21/2004 0:00",
                "STATUS": "Shipped",
                "PRODUCTLINE": "Vintage Cars",
                "MSRP": 102
            }
        ]
    },
    {
        "ORDERNUMBER": 10312,
        "PRODUCTCODE": "S18_1367",
        "attributes": [
            {
                "QUANTITYORDERED": 25,
                "PRICEEACH": 44.21,
                "SALES": 1105.25,
                "ORDERDATE": "10/21/2004 0:00",
                "STATUS": "Shipped",
                "PRODUCTLINE": "Vintage Cars",
                "MSRP": 53
            }
        ]
    },
    {
        "ORDERNUMBER": 10312,
        "PRODUCTCODE": "S18_2248",
        "attributes": [
            {
                "QUANTITYORDERED": 30,
                "PRICEEACH": 61.15,
                "SALES": 1834.5,
                "ORDERDATE": "10/21/2004 0:00",
                "STATUS": "Shipped",
                "PRODUCTLINE": "Vintage Cars",
                "MSRP": 60
            }
        ]
    },
    {
        "ORDERNUMBER": 10312,
        "PRODUCTCODE": "S18_2957",
        "attributes": [
            {
                "QUANTITYORDERED": 35,
                "PRICEEACH": 53.72,
                "SALES": 1880.2,
                "ORDERDATE": "10/21/2004 0:00",
                "STATUS": "Shipped",
                "PRODUCTLINE": "Vintage Cars",
                "MSRP": 62
            }
        ]
    },
    {
        "ORDERNUMBER": 10312,
        "PRODUCTCODE": "S18_4668",
        "attributes": [
            {
                "QUANTITYORDERED": 39,
                "PRICEEACH": 56.85,
                "SALES": 2217.15,
                "ORDERDATE": "10/21/2004 0:00",
                "STATUS": "Shipped",
                "PRODUCTLINE": "Vintage Cars",
                "MSRP": 50
            }
        ]
    },
    {
        "ORDERNUMBER": 10312,
        "PRODUCTCODE": "S24_1937",
        "attributes": [
            {
                "QUANTITYORDERED": 39,
                "PRICEEACH": 29.54,
                "SALES": 1152.06,
                "ORDERDATE": "10/21/2004 0:00",
                "STATUS": "Shipped",
                "PRODUCTLINE": "Vintage Cars",
                "MSRP": 33
            }
        ]
    },
    {
        "ORDERNUMBER": 10312,
        "PRODUCTCODE": "S24_2022",
        "attributes": [
            {
                "QUANTITYORDERED": 23,
                "PRICEEACH": 37.63,
                "SALES": 865.49,
                "ORDERDATE": "10/21/2004 0:00",
                "STATUS": "Shipped",
                "PRODUCTLINE": "Vintage Cars",
                "MSRP": 44
            }
        ]
    },
    {
        "ORDERNUMBER": 10312,
        "PRODUCTCODE": "S24_3969",
        "attributes": [
            {
                "QUANTITYORDERED": 31,
                "PRICEEACH": 35.29,
                "SALES": 1093.99,
                "ORDERDATE": "10/21/2004 0:00",
                "STATUS": "Shipped",
                "PRODUCTLINE": "Vintage Cars",
                "MSRP": 41
            }
        ]
    },
    {
        "ORDERNUMBER": 10313,
        "PRODUCTCODE": "S18_2432",
        "attributes": [
            {
                "QUANTITYORDERED": 34,
                "PRICEEACH": 52.87,
                "SALES": 1797.58,
                "ORDERDATE": "10/22/2004 0:00",
                "STATUS": "Shipped",
                "PRODUCTLINE": "Trucks and Buses",
                "MSRP": 60
            }
        ]
    },
    {
        "ORDERNUMBER": 10313,
        "PRODUCTCODE": "S32_1268",
        "attributes": [
            {
                "QUANTITYORDERED": 27,
                "PRICEEACH": 87.64,
                "SALES": 2366.28,
                "ORDERDATE": "10/22/2004 0:00",
                "STATUS": "Shipped",
                "PRODUCTLINE": "Trucks and Buses",
                "MSRP": 96
            }
        ]
    },
    {
        "ORDERNUMBER": 10313,
        "PRODUCTCODE": "S32_2509",
        "attributes": [
            {
                "QUANTITYORDERED": 38,
                "PRICEEACH": 45.45,
                "SALES": 1727.1,
                "ORDERDATE": "10/22/2004 0:00",
                "STATUS": "Shipped",
                "PRODUCTLINE": "Trucks and Buses",
                "MSRP": 54
            }
        ]
    },
    {
        "ORDERNUMBER": 10313,
        "PRODUCTCODE": "S32_3522",
        "attributes": [
            {
                "QUANTITYORDERED": 34,
                "PRICEEACH": 56.24,
                "SALES": 1912.16,
                "ORDERDATE": "10/22/2004 0:00",
                "STATUS": "Shipped",
                "PRODUCTLINE": "Trucks and Buses",
                "MSRP": 64
            }
        ]
    },
    {
        "ORDERNUMBER": 10313,
        "PRODUCTCODE": "S700_2824",
        "attributes": [
            {
                "QUANTITYORDERED": 30,
                "PRICEEACH": 99.13,
                "SALES": 2973.9,
                "ORDERDATE": "10/22/2004 0:00",
                "STATUS": "Shipped",
                "PRODUCTLINE": "Classic Cars",
                "MSRP": 101
            }
        ]
    },
    {
        "ORDERNUMBER": 10314,
        "PRODUCTCODE": "S24_1444",
        "attributes": [
            {
                "QUANTITYORDERED": 44,
                "PRICEEACH": 53.18,
                "SALES": 2339.92,
                "ORDERDATE": "10/22/2004 0:00",
                "STATUS": "Shipped",
                "PRODUCTLINE": "Classic Cars",
                "MSRP": 57
            }
        ]
    },
    {
        "ORDERNUMBER": 10314,
        "PRODUCTCODE": "S24_2840",
        "attributes": [
            {
                "QUANTITYORDERED": 39,
                "PRICEEACH": 37.13,
                "SALES": 1448.07,
                "ORDERDATE": "10/22/2004 0:00",
                "STATUS": "Shipped",
                "PRODUCTLINE": "Classic Cars",
                "MSRP": 35
            }
        ]
    },
    {
        "ORDERNUMBER": 10314,
        "PRODUCTCODE": "S32_3207",
        "attributes": [
            {
                "QUANTITYORDERED": 35,
                "PRICEEACH": 66.49,
                "SALES": 2327.15,
                "ORDERDATE": "10/22/2004 0:00",
                "STATUS": "Shipped",
                "PRODUCTLINE": "Trains",
                "MSRP": 62
            }
        ]
    },
    {
        "ORDERNUMBER": 10314,
        "PRODUCTCODE": "S50_1514",
        "attributes": [
            {
                "QUANTITYORDERED": 38,
                "PRICEEACH": 61.51,
                "SALES": 2337.38,
                "ORDERDATE": "10/22/2004 0:00",
                "STATUS": "Shipped",
                "PRODUCTLINE": "Trains",
                "MSRP": 58
            }
        ]
    },
    {
        "ORDERNUMBER": 10314,
        "PRODUCTCODE": "S700_1938",
        "attributes": [
            {
                "QUANTITYORDERED": 23,
                "PRICEEACH": 76.22,
                "SALES": 1753.06,
                "ORDERDATE": "10/22/2004 0:00",
                "STATUS": "Shipped",
                "PRODUCTLINE": "Ships",
                "MSRP": 86
            }
        ]
    },
    {
        "ORDERNUMBER": 10315,
        "PRODUCTCODE": "S24_3151",
        "attributes": [
            {
                "QUANTITYORDERED": 24,
                "PRICEEACH": 86.74,
                "SALES": 2081.76,
                "ORDERDATE": "10/29/2004 0:00",
                "STATUS": "Shipped",
                "PRODUCTLINE": "Vintage Cars",
                "MSRP": 88
            }
        ]
    },
    {
        "ORDERNUMBER": 10315,
        "PRODUCTCODE": "S700_1138",
        "attributes": [
            {
                "QUANTITYORDERED": 41,
                "PRICEEACH": 62.0,
                "SALES": 2542.0,
                "ORDERDATE": "10/29/2004 0:00",
                "STATUS": "Shipped",
                "PRODUCTLINE": "Ships",
                "MSRP": 66
            }
        ]
    },
    {
        "ORDERNUMBER": 10315,
        "PRODUCTCODE": "S700_3505",
        "attributes": [
            {
                "QUANTITYORDERED": 31,
                "PRICEEACH": 86.15,
                "SALES": 2670.65,
                "ORDERDATE": "10/29/2004 0:00",
                "STATUS": "Shipped",
                "PRODUCTLINE": "Ships",
                "MSRP": 100
            }
        ]
    },
    {
        "ORDERNUMBER": 10315,
        "PRODUCTCODE": "S700_3962",
        "attributes": [
            {
                "QUANTITYORDERED": 37,
                "PRICEEACH": 91.37,
                "SALES": 3380.69,
                "ORDERDATE": "10/29/2004 0:00",
                "STATUS": "Shipped",
                "PRODUCTLINE": "Ships",
                "MSRP": 99
            }
        ]
    },
    {
        "ORDERNUMBER": 10315,
        "PRODUCTCODE": "S72_3212",
        "attributes": [
            {
                "QUANTITYORDERED": 40,
                "PRICEEACH": 55.69,
                "SALES": 2227.6,
                "ORDERDATE": "10/29/2004 0:00",
                "STATUS": "Shipped",
                "PRODUCTLINE": "Ships",
                "MSRP": 54
            }
        ]
    },
    {
        "ORDERNUMBER": 10316,
        "PRODUCTCODE": "S18_3029",
        "attributes": [
            {
                "QUANTITYORDERED": 21,
                "PRICEEACH": 94.62,
                "SALES": 1987.02,
                "ORDERDATE": "11/1/2004 0:00",
                "STATUS": "Shipped",
                "PRODUCTLINE": "Ships",
                "MSRP": 86
            }
        ]
    },
    {
        "ORDERNUMBER": 10316,
        "PRODUCTCODE": "S18_3856",
        "attributes": [
            {
                "QUANTITYORDERED": 47,
                "PRICEEACH": 86.81,
                "SALES": 4080.07,
                "ORDERDATE": "11/1/2004 0:00",
                "STATUS": "Shipped",
                "PRODUCTLINE": "Vintage Cars",
                "MSRP": 105
            }
        ]
    },
    {
        "ORDERNUMBER": 10316,
        "PRODUCTCODE": "S24_2841",
        "attributes": [
            {
                "QUANTITYORDERED": 34,
                "PRICEEACH": 63.71,
                "SALES": 2166.14,
                "ORDERDATE": "11/1/2004 0:00",
                "STATUS": "Shipped",
                "PRODUCTLINE": "Planes",
                "MSRP": 68
            }
        ]
    },
    {
        "ORDERNUMBER": 10316,
        "PRODUCTCODE": "S24_3420",
        "attributes": [
            {
                "QUANTITYORDERED": 47,
                "PRICEEACH": 76.93,
                "SALES": 3615.71,
                "ORDERDATE": "11/1/2004 0:00",
                "STATUS": "Shipped",
                "PRODUCTLINE": "Vintage Cars",
                "MSRP": 65
            }
        ]
    },
    {
        "ORDERNUMBER": 10316,
        "PRODUCTCODE": "S24_3816",
        "attributes": [
            {
                "QUANTITYORDERED": 25,
                "PRICEEACH": 92.25,
                "SALES": 2306.25,
                "ORDERDATE": "11/1/2004 0:00",
                "STATUS": "Shipped",
                "PRODUCTLINE": "Vintage Cars",
                "MSRP": 83
            }
        ]
    },
    {
        "ORDERNUMBER": 10316,
        "PRODUCTCODE": "S24_3949",
        "attributes": [
            {
                "QUANTITYORDERED": 30,
                "PRICEEACH": 77.79,
                "SALES": 2333.7,
                "ORDERDATE": "11/1/2004 0:00",
                "STATUS": "Shipped",
                "PRODUCTLINE": "Planes",
                "MSRP": 68
            }
        ]
    },
    {
        "ORDERNUMBER": 10316,
        "PRODUCTCODE": "S32_4289",
        "attributes": [
            {
                "QUANTITYORDERED": 24,
                "PRICEEACH": 59.16,
                "SALES": 1419.84,
                "ORDERDATE": "11/1/2004 0:00",
                "STATUS": "Shipped",
                "PRODUCTLINE": "Vintage Cars",
                "MSRP": 68
            }
        ]
    },
    {
        "ORDERNUMBER": 10316,
        "PRODUCTCODE": "S50_1341",
        "attributes": [
            {
                "QUANTITYORDERED": 34,
                "PRICEEACH": 47.57,
                "SALES": 1617.38,
                "ORDERDATE": "11/1/2004 0:00",
                "STATUS": "Shipped",
                "PRODUCTLINE": "Vintage Cars",
                "MSRP": 43
            }
        ]
    },
    {
        "ORDERNUMBER": 10316,
        "PRODUCTCODE": "S700_1691",
        "attributes": [
            {
                "QUANTITYORDERED": 34,
                "PRICEEACH": 82.21,
                "SALES": 2795.14,
                "ORDERDATE": "11/1/2004 0:00",
                "STATUS": "Shipped",
                "PRODUCTLINE": "Planes",
                "MSRP": 91
            }
        ]
    },
    {
        "ORDERNUMBER": 10316,
        "PRODUCTCODE": "S700_2047",
        "attributes": [
            {
                "QUANTITYORDERED": 45,
                "PRICEEACH": 93.24,
                "SALES": 4195.8,
                "ORDERDATE": "11/1/2004 0:00",
                "STATUS": "Shipped",
                "PRODUCTLINE": "Ships",
                "MSRP": 90
            }
        ]
    },
    {
        "ORDERNUMBER": 10316,
        "PRODUCTCODE": "S700_2610",
        "attributes": [
            {
                "QUANTITYORDERED": 48,
                "PRICEEACH": 74.45,
                "SALES": 3573.6,
                "ORDERDATE": "11/1/2004 0:00",
                "STATUS": "Shipped",
                "PRODUCTLINE": "Ships",
                "MSRP": 72
            }
        ]
    },
    {
        "ORDERNUMBER": 10316,
        "PRODUCTCODE": "S700_3167",
        "attributes": [
            {
                "QUANTITYORDERED": 48,
                "PRICEEACH": 75.2,
                "SALES": 3609.6,
                "ORDERDATE": "11/1/2004 0:00",
                "STATUS": "Shipped",
                "PRODUCTLINE": "Planes",
                "MSRP": 80
            }
        ]
    },
    {
        "ORDERNUMBER": 10316,
        "PRODUCTCODE": "S700_4002",
        "attributes": [
            {
                "QUANTITYORDERED": 44,
                "PRICEEACH": 62.19,
                "SALES": 2736.36,
                "ORDERDATE": "11/1/2004 0:00",
                "STATUS": "Shipped",
                "PRODUCTLINE": "Planes",
                "MSRP": 74
            }
        ]
    },
    {
        "ORDERNUMBER": 10316,
        "PRODUCTCODE": "S72_1253",
        "attributes": [
            {
                "QUANTITYORDERED": 34,
                "PRICEEACH": 43.7,
                "SALES": 1485.8,
                "ORDERDATE": "11/1/2004 0:00",
                "STATUS": "Shipped",
                "PRODUCTLINE": "Planes",
                "MSRP": 49
            }
        ]
    },
    {
        "ORDERNUMBER": 10317,
        "PRODUCTCODE": "S24_4278",
        "attributes": [
            {
                "QUANTITYORDERED": 35,
                "PRICEEACH": 83.32,
                "SALES": 2916.2,
                "ORDERDATE": "11/2/2004 0:00",
                "STATUS": "Shipped",
                "PRODUCTLINE": "Planes",
                "MSRP": 72
            }
        ]
    },
    {
        "ORDERNUMBER": 10318,
        "PRODUCTCODE": "S10_1678",
        "attributes": [
            {
                "QUANTITYORDERED": 46,
                "PRICEEACH": 94.74,
                "SALES": 4358.04,
                "ORDERDATE": "11/2/2004 0:00",
                "STATUS": "Shipped",
                "PRODUCTLINE": "Motorcycles",
                "MSRP": 95
            }
        ]
    },
    {
        "ORDERNUMBER": 10318,
        "PRODUCTCODE": "S18_2625",
        "attributes": [
            {
                "QUANTITYORDERED": 42,
                "PRICEEACH": 52.7,
                "SALES": 2213.4,
                "ORDERDATE": "11/2/2004 0:00",
                "STATUS": "Shipped",
                "PRODUCTLINE": "Motorcycles",
                "MSRP": 60
            }
        ]
    },
    {
        "ORDERNUMBER": 10318,
        "PRODUCTCODE": "S24_2000",
        "attributes": [
            {
                "QUANTITYORDERED": 26,
                "PRICEEACH": 86.83,
                "SALES": 2257.58,
                "ORDERDATE": "11/2/2004 0:00",
                "STATUS": "Shipped",
                "PRODUCTLINE": "Motorcycles",
                "MSRP": 76
            }
        ]
    },
    {
        "ORDERNUMBER": 10319,
        "PRODUCTCODE": "S18_3278",
        "attributes": [
            {
                "QUANTITYORDERED": 46,
                "PRICEEACH": 73.98,
                "SALES": 3403.08,
                "ORDERDATE": "11/3/2004 0:00",
                "STATUS": "Shipped",
                "PRODUCTLINE": "Classic Cars",
                "MSRP": 80
            }
        ]
    },
    {
        "ORDERNUMBER": 10319,
        "PRODUCTCODE": "S18_3782",
        "attributes": [
            {
                "QUANTITYORDERED": 44,
                "PRICEEACH": 59.06,
                "SALES": 2598.64,
                "ORDERDATE": "11/3/2004 0:00",
                "STATUS": "Shipped",
                "PRODUCTLINE": "Motorcycles",
                "MSRP": 62
            }
        ]
    },
    {
        "ORDERNUMBER": 10319,
        "PRODUCTCODE": "S24_2360",
        "attributes": [
            {
                "QUANTITYORDERED": 31,
                "PRICEEACH": 81.73,
                "SALES": 2533.63,
                "ORDERDATE": "11/3/2004 0:00",
                "STATUS": "Shipped",
                "PRODUCTLINE": "Motorcycles",
                "MSRP": 69
            }
        ]
    },
    {
        "ORDERNUMBER": 10319,
        "PRODUCTCODE": "S24_4620",
        "attributes": [
            {
                "QUANTITYORDERED": 43,
                "PRICEEACH": 85.69,
                "SALES": 3684.67,
                "ORDERDATE": "11/3/2004 0:00",
                "STATUS": "Shipped",
                "PRODUCTLINE": "Classic Cars",
                "MSRP": 80
            }
        ]
    },
    {
        "ORDERNUMBER": 10319,
        "PRODUCTCODE": "S32_2206",
        "attributes": [
            {
                "QUANTITYORDERED": 29,
                "PRICEEACH": 38.22,
                "SALES": 1108.38,
                "ORDERDATE": "11/3/2004 0:00",
                "STATUS": "Shipped",
                "PRODUCTLINE": "Motorcycles",
                "MSRP": 40
            }
        ]
    },
    {
        "ORDERNUMBER": 10319,
        "PRODUCTCODE": "S50_4713",
        "attributes": [
            {
                "QUANTITYORDERED": 45,
                "PRICEEACH": 77.29,
                "SALES": 3478.05,
                "ORDERDATE": "11/3/2004 0:00",
                "STATUS": "Shipped",
                "PRODUCTLINE": "Motorcycles",
                "MSRP": 81
            }
        ]
    },
    {
        "ORDERNUMBER": 10320,
        "PRODUCTCODE": "S12_3990",
        "attributes": [
            {
                "QUANTITYORDERED": 38,
                "PRICEEACH": 73.42,
                "SALES": 2789.96,
                "ORDERDATE": "11/3/2004 0:00",
                "STATUS": "Shipped",
                "PRODUCTLINE": "Classic Cars",
                "MSRP": 79
            }
        ]
    },
    {
        "ORDERNUMBER": 10320,
        "PRODUCTCODE": "S24_3371",
        "attributes": [
            {
                "QUANTITYORDERED": 26,
                "PRICEEACH": 61.23,
                "SALES": 1591.98,
                "ORDERDATE": "11/3/2004 0:00",
                "STATUS": "Shipped",
                "PRODUCTLINE": "Classic Cars",
                "MSRP": 61
            }
        ]
    },
    {
        "ORDERNUMBER": 10321,
        "PRODUCTCODE": "S18_1889",
        "attributes": [
            {
                "QUANTITYORDERED": 37,
                "PRICEEACH": 78.54,
                "SALES": 2905.98,
                "ORDERDATE": "11/4/2004 0:00",
                "STATUS": "Shipped",
                "PRODUCTLINE": "Classic Cars",
                "MSRP": 77
            }
        ]
    },
    {
        "ORDERNUMBER": 10321,
        "PRODUCTCODE": "S24_1046",
        "attributes": [
            {
                "QUANTITYORDERED": 30,
                "PRICEEACH": 70.55,
                "SALES": 2116.5,
                "ORDERDATE": "11/4/2004 0:00",
                "STATUS": "Shipped",
                "PRODUCTLINE": "Classic Cars",
                "MSRP": 73
            }
        ]
    },
    {
        "ORDERNUMBER": 10321,
        "PRODUCTCODE": "S24_1628",
        "attributes": [
            {
                "QUANTITYORDERED": 48,
                "PRICEEACH": 42.26,
                "SALES": 2028.48,
                "ORDERDATE": "11/4/2004 0:00",
                "STATUS": "Shipped",
                "PRODUCTLINE": "Classic Cars",
                "MSRP": 50
            }
        ]
    },
    {
        "ORDERNUMBER": 10321,
        "PRODUCTCODE": "S24_2766",
        "attributes": [
            {
                "QUANTITYORDERED": 30,
                "PRICEEACH": 72.7,
                "SALES": 2181.0,
                "ORDERDATE": "11/4/2004 0:00",
                "STATUS": "Shipped",
                "PRODUCTLINE": "Classic Cars",
                "MSRP": 90
            }
        ]
    },
    {
        "ORDERNUMBER": 10321,
        "PRODUCTCODE": "S24_2972",
        "attributes": [
            {
                "QUANTITYORDERED": 37,
                "PRICEEACH": 33.23,
                "SALES": 1229.51,
                "ORDERDATE": "11/4/2004 0:00",
                "STATUS": "Shipped",
                "PRODUCTLINE": "Classic Cars",
                "MSRP": 37
            }
        ]
    },
    {
        "ORDERNUMBER": 10321,
        "PRODUCTCODE": "S24_3191",
        "attributes": [
            {
                "QUANTITYORDERED": 39,
                "PRICEEACH": 84.75,
                "SALES": 3305.25,
                "ORDERDATE": "11/4/2004 0:00",
                "STATUS": "Shipped",
                "PRODUCTLINE": "Classic Cars",
                "MSRP": 85
            }
        ]
    },
    {
        "ORDERNUMBER": 10321,
        "PRODUCTCODE": "S24_3432",
        "attributes": [
            {
                "QUANTITYORDERED": 21,
                "PRICEEACH": 89.95,
                "SALES": 1888.95,
                "ORDERDATE": "11/4/2004 0:00",
                "STATUS": "Shipped",
                "PRODUCTLINE": "Classic Cars",
                "MSRP": 107
            }
        ]
    },
    {
        "ORDERNUMBER": 10322,
        "PRODUCTCODE": "S10_4962",
        "attributes": [
            {
                "QUANTITYORDERED": 46,
                "PRICEEACH": 61.99,
                "SALES": 2851.54,
                "ORDERDATE": "11/4/2004 0:00",
                "STATUS": "Shipped",
                "PRODUCTLINE": "Classic Cars",
                "MSRP": 147
            }
        ]
    },
    {
        "ORDERNUMBER": 10322,
        "PRODUCTCODE": "S18_1342",
        "attributes": [
            {
                "QUANTITYORDERED": 43,
                "PRICEEACH": 86.3,
                "SALES": 3710.9,
                "ORDERDATE": "11/4/2004 0:00",
                "STATUS": "Shipped",
                "PRODUCTLINE": "Vintage Cars",
                "MSRP": 102
            }
        ]
    },
    {
        "ORDERNUMBER": 10322,
        "PRODUCTCODE": "S18_1367",
        "attributes": [
            {
                "QUANTITYORDERED": 41,
                "PRICEEACH": 57.68,
                "SALES": 2364.88,
                "ORDERDATE": "11/4/2004 0:00",
                "STATUS": "Shipped",
                "PRODUCTLINE": "Vintage Cars",
                "MSRP": 53
            }
        ]
    },
    {
        "ORDERNUMBER": 10322,
        "PRODUCTCODE": "S18_2432",
        "attributes": [
            {
                "QUANTITYORDERED": 35,
                "PRICEEACH": 61.21,
                "SALES": 2142.35,
                "ORDERDATE": "11/4/2004 0:00",
                "STATUS": "Shipped",
                "PRODUCTLINE": "Trucks and Buses",
                "MSRP": 60
            }
        ]
    },
    {
        "ORDERNUMBER": 10322,
        "PRODUCTCODE": "S18_2957",
        "attributes": [
            {
                "QUANTITYORDERED": 41,
                "PRICEEACH": 29.87,
                "SALES": 1224.67,
                "ORDERDATE": "11/4/2004 0:00",
                "STATUS": "Shipped",
                "PRODUCTLINE": "Vintage Cars",
                "MSRP": 62
            }
        ]
    },
    {
        "ORDERNUMBER": 10322,
        "PRODUCTCODE": "S18_3136",
        "attributes": [
            {
                "QUANTITYORDERED": 48,
                "PRICEEACH": 47.04,
                "SALES": 2257.92,
                "ORDERDATE": "11/4/2004 0:00",
                "STATUS": "Shipped",
                "PRODUCTLINE": "Vintage Cars",
                "MSRP": 104
            }
        ]
    },
    {
        "ORDERNUMBER": 10323,
        "PRODUCTCODE": "S18_3320",
        "attributes": [
            {
                "QUANTITYORDERED": 33,
                "PRICEEACH": 91.27,
                "SALES": 3011.91,
                "ORDERDATE": "11/5/2004 0:00",
                "STATUS": "Shipped",
                "PRODUCTLINE": "Vintage Cars",
                "MSRP": 99
            }
        ]
    },
    {
        "ORDERNUMBER": 10324,
        "PRODUCTCODE": "S12_3148",
        "attributes": [
            {
                "QUANTITYORDERED": 27,
                "PRICEEACH": 54.33,
                "SALES": 1466.91,
                "ORDERDATE": "11/5/2004 0:00",
                "STATUS": "Shipped",
                "PRODUCTLINE": "Classic Cars",
                "MSRP": 151
            }
        ]
    },
    {
        "ORDERNUMBER": 10324,
        "PRODUCTCODE": "S12_4473",
        "attributes": [
            {
                "QUANTITYORDERED": 26,
                "PRICEEACH": 58.38,
                "SALES": 1517.88,
                "ORDERDATE": "11/5/2004 0:00",
                "STATUS": "Shipped",
                "PRODUCTLINE": "Trucks and Buses",
                "MSRP": 118
            }
        ]
    },
    {
        "ORDERNUMBER": 10324,
        "PRODUCTCODE": "S18_2319",
        "attributes": [
            {
                "QUANTITYORDERED": 33,
                "PRICEEACH": 37.48,
                "SALES": 1236.84,
                "ORDERDATE": "11/5/2004 0:00",
                "STATUS": "Shipped",
                "PRODUCTLINE": "Trucks and Buses",
                "MSRP": 122
            }
        ]
    },
    {
        "ORDERNUMBER": 10324,
        "PRODUCTCODE": "S24_1444",
        "attributes": [
            {
                "QUANTITYORDERED": 25,
                "PRICEEACH": 69.16,
                "SALES": 1729.0,
                "ORDERDATE": "11/5/2004 0:00",
                "STATUS": "Shipped",
                "PRODUCTLINE": "Classic Cars",
                "MSRP": 57
            }
        ]
    },
    {
        "ORDERNUMBER": 10324,
        "PRODUCTCODE": "S32_1268",
        "attributes": [
            {
                "QUANTITYORDERED": 20,
                "PRICEEACH": 98.18,
                "SALES": 1963.6,
                "ORDERDATE": "11/5/2004 0:00",
                "STATUS": "Shipped",
                "PRODUCTLINE": "Trucks and Buses",
                "MSRP": 96
            }
        ]
    },
    {
        "ORDERNUMBER": 10325,
        "PRODUCTCODE": "S10_4757",
        "attributes": [
            {
                "QUANTITYORDERED": 47,
                "PRICEEACH": 64.93,
                "SALES": 3051.71,
                "ORDERDATE": "11/5/2004 0:00",
                "STATUS": "Shipped",
                "PRODUCTLINE": "Classic Cars",
                "MSRP": 136
            }
        ]
    },
    {
        "ORDERNUMBER": 10325,
        "PRODUCTCODE": "S12_1108",
        "attributes": [
            {
                "QUANTITYORDERED": 42,
                "PRICEEACH": 64.0,
                "SALES": 2688.0,
                "ORDERDATE": "11/5/2004 0:00",
                "STATUS": "Shipped",
                "PRODUCTLINE": "Classic Cars",
                "MSRP": 207
            }
        ]
    },
    {
        "ORDERNUMBER": 10325,
        "PRODUCTCODE": "S18_3140",
        "attributes": [
            {
                "QUANTITYORDERED": 24,
                "PRICEEACH": 69.12,
                "SALES": 1658.88,
                "ORDERDATE": "11/5/2004 0:00",
                "STATUS": "Shipped",
                "PRODUCTLINE": "Vintage Cars",
                "MSRP": 136
            }
        ]
    },
    {
        "ORDERNUMBER": 10326,
        "PRODUCTCODE": "S18_4522",
        "attributes": [
            {
                "QUANTITYORDERED": 50,
                "PRICEEACH": 86.01,
                "SALES": 4300.5,
                "ORDERDATE": "11/9/2004 0:00",
                "STATUS": "Shipped",
                "PRODUCTLINE": "Vintage Cars",
                "MSRP": 87
            }
        ]
    },
    {
        "ORDERNUMBER": 10326,
        "PRODUCTCODE": "S24_3151",
        "attributes": [
            {
                "QUANTITYORDERED": 41,
                "PRICEEACH": 85.85,
                "SALES": 3519.85,
                "ORDERDATE": "11/9/2004 0:00",
                "STATUS": "Shipped",
                "PRODUCTLINE": "Vintage Cars",
                "MSRP": 88
            }
        ]
    },
    {
        "ORDERNUMBER": 10326,
        "PRODUCTCODE": "S24_3816",
        "attributes": [
            {
                "QUANTITYORDERED": 20,
                "PRICEEACH": 92.25,
                "SALES": 1845.0,
                "ORDERDATE": "11/9/2004 0:00",
                "STATUS": "Shipped",
                "PRODUCTLINE": "Vintage Cars",
                "MSRP": 83
            }
        ]
    },
    {
        "ORDERNUMBER": 10326,
        "PRODUCTCODE": "S700_1138",
        "attributes": [
            {
                "QUANTITYORDERED": 39,
                "PRICEEACH": 60.0,
                "SALES": 2340.0,
                "ORDERDATE": "11/9/2004 0:00",
                "STATUS": "Shipped",
                "PRODUCTLINE": "Ships",
                "MSRP": 66
            }
        ]
    },
    {
        "ORDERNUMBER": 10327,
        "PRODUCTCODE": "S18_3029",
        "attributes": [
            {
                "QUANTITYORDERED": 25,
                "PRICEEACH": 45.86,
                "SALES": 1146.5,
                "ORDERDATE": "11/10/2004 0:00",
                "STATUS": "Resolved",
                "PRODUCTLINE": "Ships",
                "MSRP": 86
            }
        ]
    },
    {
        "ORDERNUMBER": 10327,
        "PRODUCTCODE": "S700_2610",
        "attributes": [
            {
                "QUANTITYORDERED": 21,
                "PRICEEACH": 96.31,
                "SALES": 2022.51,
                "ORDERDATE": "11/10/2004 0:00",
                "STATUS": "Resolved",
                "PRODUCTLINE": "Ships",
                "MSRP": 72
            }
        ]
    },
    {
        "ORDERNUMBER": 10327,
        "PRODUCTCODE": "S700_3505",
        "attributes": [
            {
                "QUANTITYORDERED": 43,
                "PRICEEACH": 80.0,
                "SALES": 3440.0,
                "ORDERDATE": "11/10/2004 0:00",
                "STATUS": "Resolved",
                "PRODUCTLINE": "Ships",
                "MSRP": 100
            }
        ]
    },
    {
        "ORDERNUMBER": 10327,
        "PRODUCTCODE": "S700_3962",
        "attributes": [
            {
                "QUANTITYORDERED": 37,
                "PRICEEACH": 86.61,
                "SALES": 3204.57,
                "ORDERDATE": "11/10/2004 0:00",
                "STATUS": "Resolved",
                "PRODUCTLINE": "Ships",
                "MSRP": 99
            }
        ]
    },
    {
        "ORDERNUMBER": 10327,
        "PRODUCTCODE": "S72_3212",
        "attributes": [
            {
                "QUANTITYORDERED": 37,
                "PRICEEACH": 86.74,
                "SALES": 3209.38,
                "ORDERDATE": "11/10/2004 0:00",
                "STATUS": "Resolved",
                "PRODUCTLINE": "Ships",
                "MSRP": 54
            }
        ]
    },
    {
        "ORDERNUMBER": 10328,
        "PRODUCTCODE": "S24_1785",
        "attributes": [
            {
                "QUANTITYORDERED": 47,
                "PRICEEACH": 87.54,
                "SALES": 4114.38,
                "ORDERDATE": "11/12/2004 0:00",
                "STATUS": "Shipped",
                "PRODUCTLINE": "Planes",
                "MSRP": 109
            }
        ]
    },
    {
        "ORDERNUMBER": 10328,
        "PRODUCTCODE": "S24_2841",
        "attributes": [
            {
                "QUANTITYORDERED": 48,
                "PRICEEACH": 58.92,
                "SALES": 2828.16,
                "ORDERDATE": "11/12/2004 0:00",
                "STATUS": "Shipped",
                "PRODUCTLINE": "Planes",
                "MSRP": 68
            }
        ]
    },
    {
        "ORDERNUMBER": 10328,
        "PRODUCTCODE": "S24_3420",
        "attributes": [
            {
                "QUANTITYORDERED": 20,
                "PRICEEACH": 72.98,
                "SALES": 1459.6,
                "ORDERDATE": "11/12/2004 0:00",
                "STATUS": "Shipped",
                "PRODUCTLINE": "Vintage Cars",
                "MSRP": 65
            }
        ]
    },
    {
        "ORDERNUMBER": 10328,
        "PRODUCTCODE": "S24_3949",
        "attributes": [
            {
                "QUANTITYORDERED": 35,
                "PRICEEACH": 76.43,
                "SALES": 2675.05,
                "ORDERDATE": "11/12/2004 0:00",
                "STATUS": "Shipped",
                "PRODUCTLINE": "Planes",
                "MSRP": 68
            }
        ]
    },
    {
        "ORDERNUMBER": 10328,
        "PRODUCTCODE": "S24_4278",
        "attributes": [
            {
                "QUANTITYORDERED": 43,
                "PRICEEACH": 60.86,
                "SALES": 2616.98,
                "ORDERDATE": "11/12/2004 0:00",
                "STATUS": "Shipped",
                "PRODUCTLINE": "Planes",
                "MSRP": 72
            }
        ]
    },
    {
        "ORDERNUMBER": 10328,
        "PRODUCTCODE": "S32_4289",
        "attributes": [
            {
                "QUANTITYORDERED": 24,
                "PRICEEACH": 81.17,
                "SALES": 1948.08,
                "ORDERDATE": "11/12/2004 0:00",
                "STATUS": "Shipped",
                "PRODUCTLINE": "Vintage Cars",
                "MSRP": 68
            }
        ]
    },
    {
        "ORDERNUMBER": 10328,
        "PRODUCTCODE": "S50_1341",
        "attributes": [
            {
                "QUANTITYORDERED": 34,
                "PRICEEACH": 51.93,
                "SALES": 1765.62,
                "ORDERDATE": "11/12/2004 0:00",
                "STATUS": "Shipped",
                "PRODUCTLINE": "Vintage Cars",
                "MSRP": 43
            }
        ]
    },
    {
        "ORDERNUMBER": 10328,
        "PRODUCTCODE": "S700_3167",
        "attributes": [
            {
                "QUANTITYORDERED": 33,
                "PRICEEACH": 64.0,
                "SALES": 2112.0,
                "ORDERDATE": "11/12/2004 0:00",
                "STATUS": "Shipped",
                "PRODUCTLINE": "Planes",
                "MSRP": 80
            }
        ]
    },
    {
        "ORDERNUMBER": 10328,
        "PRODUCTCODE": "S700_4002",
        "attributes": [
            {
                "QUANTITYORDERED": 39,
                "PRICEEACH": 85.87,
                "SALES": 3348.93,
                "ORDERDATE": "11/12/2004 0:00",
                "STATUS": "Shipped",
                "PRODUCTLINE": "Planes",
                "MSRP": 74
            }
        ]
    },
    {
        "ORDERNUMBER": 10329,
        "PRODUCTCODE": "S12_1099",
        "attributes": [
            {
                "QUANTITYORDERED": 41,
                "PRICEEACH": 71.47,
                "SALES": 2930.27,
                "ORDERDATE": "11/15/2004 0:00",
                "STATUS": "Shipped",
                "PRODUCTLINE": "Classic Cars",
                "MSRP": 194
            }
        ]
    },
    {
        "ORDERNUMBER": 10329,
        "PRODUCTCODE": "S12_3380",
        "attributes": [
            {
                "QUANTITYORDERED": 46,
                "PRICEEACH": 83.63,
                "SALES": 3846.98,
                "ORDERDATE": "11/15/2004 0:00",
                "STATUS": "Shipped",
                "PRODUCTLINE": "Classic Cars",
                "MSRP": 117
            }
        ]
    },
    {
        "ORDERNUMBER": 10329,
        "PRODUCTCODE": "S12_4675",
        "attributes": [
            {
                "QUANTITYORDERED": 39,
                "PRICEEACH": 64.74,
                "SALES": 2524.86,
                "ORDERDATE": "11/15/2004 0:00",
                "STATUS": "Shipped",
                "PRODUCTLINE": "Classic Cars",
                "MSRP": 115
            }
        ]
    },
    {
        "ORDERNUMBER": 10329,
        "PRODUCTCODE": "S18_3278",
        "attributes": [
            {
                "QUANTITYORDERED": 38,
                "PRICEEACH": 59.1,
                "SALES": 2245.8,
                "ORDERDATE": "11/15/2004 0:00",
                "STATUS": "Shipped",
                "PRODUCTLINE": "Classic Cars",
                "MSRP": 80
            }
        ]
    },
    {
        "ORDERNUMBER": 10329,
        "PRODUCTCODE": "S24_1578",
        "attributes": [
            {
                "QUANTITYORDERED": 30,
                "PRICEEACH": 87.78,
                "SALES": 2633.4,
                "ORDERDATE": "11/15/2004 0:00",
                "STATUS": "Shipped",
                "PRODUCTLINE": "Motorcycles",
                "MSRP": 112
            }
        ]
    },
    {
        "ORDERNUMBER": 10329,
        "PRODUCTCODE": "S24_2000",
        "attributes": [
            {
                "QUANTITYORDERED": 37,
                "PRICEEACH": 94.43,
                "SALES": 3493.91,
                "ORDERDATE": "11/15/2004 0:00",
                "STATUS": "Shipped",
                "PRODUCTLINE": "Motorcycles",
                "MSRP": 76
            }
        ]
    },
    {
        "ORDERNUMBER": 10329,
        "PRODUCTCODE": "S32_1374",
        "attributes": [
            {
                "QUANTITYORDERED": 45,
                "PRICEEACH": 63.91,
                "SALES": 2875.95,
                "ORDERDATE": "11/15/2004 0:00",
                "STATUS": "Shipped",
                "PRODUCTLINE": "Motorcycles",
                "MSRP": 99
            }
        ]
    },
    {
        "ORDERNUMBER": 10329,
        "PRODUCTCODE": "S72_1253",
        "attributes": [
            {
                "QUANTITYORDERED": 44,
                "PRICEEACH": 86.13,
                "SALES": 3789.72,
                "ORDERDATE": "11/15/2004 0:00",
                "STATUS": "Shipped",
                "PRODUCTLINE": "Planes",
                "MSRP": 49
            }
        ]
    },
    {
        "ORDERNUMBER": 10330,
        "PRODUCTCODE": "S18_3782",
        "attributes": [
            {
                "QUANTITYORDERED": 29,
                "PRICEEACH": 69.63,
                "SALES": 2019.27,
                "ORDERDATE": "11/16/2004 0:00",
                "STATUS": "Shipped",
                "PRODUCTLINE": "Motorcycles",
                "MSRP": 62
            }
        ]
    },
    {
        "ORDERNUMBER": 10330,
        "PRODUCTCODE": "S24_2360",
        "attributes": [
            {
                "QUANTITYORDERED": 42,
                "PRICEEACH": 81.03,
                "SALES": 3403.26,
                "ORDERDATE": "11/16/2004 0:00",
                "STATUS": "Shipped",
                "PRODUCTLINE": "Motorcycles",
                "MSRP": 69
            }
        ]
    },
    {
        "ORDERNUMBER": 10331,
        "PRODUCTCODE": "S18_1749",
        "attributes": [
            {
                "QUANTITYORDERED": 44,
                "PRICEEACH": 74.04,
                "SALES": 3257.76,
                "ORDERDATE": "11/17/2004 0:00",
                "STATUS": "Shipped",
                "PRODUCTLINE": "Vintage Cars",
                "MSRP": 170
            }
        ]
    },
    {
        "ORDERNUMBER": 10331,
        "PRODUCTCODE": "S18_1984",
        "attributes": [
            {
                "QUANTITYORDERED": 30,
                "PRICEEACH": 32.47,
                "SALES": 974.1,
                "ORDERDATE": "11/17/2004 0:00",
                "STATUS": "Shipped",
                "PRODUCTLINE": "Classic Cars",
                "MSRP": 142
            }
        ]
    },
    {
        "ORDERNUMBER": 10331,
        "PRODUCTCODE": "S18_2870",
        "attributes": [
            {
                "QUANTITYORDERED": 26,
                "PRICEEACH": 64.9,
                "SALES": 1687.4,
                "ORDERDATE": "11/17/2004 0:00",
                "STATUS": "Shipped",
                "PRODUCTLINE": "Classic Cars",
                "MSRP": 132
            }
        ]
    },
    {
        "ORDERNUMBER": 10331,
        "PRODUCTCODE": "S18_3685",
        "attributes": [
            {
                "QUANTITYORDERED": 26,
                "PRICEEACH": 67.91,
                "SALES": 1765.66,
                "ORDERDATE": "11/17/2004 0:00",
                "STATUS": "Shipped",
                "PRODUCTLINE": "Classic Cars",
                "MSRP": 141
            }
        ]
    },
    {
        "ORDERNUMBER": 10331,
        "PRODUCTCODE": "S24_2972",
        "attributes": [
            {
                "QUANTITYORDERED": 27,
                "PRICEEACH": 42.24,
                "SALES": 1140.48,
                "ORDERDATE": "11/17/2004 0:00",
                "STATUS": "Shipped",
                "PRODUCTLINE": "Classic Cars",
                "MSRP": 37
            }
        ]
    },
    {
        "ORDERNUMBER": 10332,
        "PRODUCTCODE": "S18_1342",
        "attributes": [
            {
                "QUANTITYORDERED": 46,
                "PRICEEACH": 95.13,
                "SALES": 4375.98,
                "ORDERDATE": "11/17/2004 0:00",
                "STATUS": "Shipped",
                "PRODUCTLINE": "Vintage Cars",
                "MSRP": 102
            }
        ]
    },
    {
        "ORDERNUMBER": 10332,
        "PRODUCTCODE": "S18_1367",
        "attributes": [
            {
                "QUANTITYORDERED": 27,
                "PRICEEACH": 89.89,
                "SALES": 2427.03,
                "ORDERDATE": "11/17/2004 0:00",
                "STATUS": "Shipped",
                "PRODUCTLINE": "Vintage Cars",
                "MSRP": 53
            }
        ]
    },
    {
        "ORDERNUMBER": 10332,
        "PRODUCTCODE": "S18_2248",
        "attributes": [
            {
                "QUANTITYORDERED": 38,
                "PRICEEACH": 84.25,
                "SALES": 3201.5,
                "ORDERDATE": "11/17/2004 0:00",
                "STATUS": "Shipped",
                "PRODUCTLINE": "Vintage Cars",
                "MSRP": 60
            }
        ]
    },
    {
        "ORDERNUMBER": 10332,
        "PRODUCTCODE": "S18_2325",
        "attributes": [
            {
                "QUANTITYORDERED": 35,
                "PRICEEACH": 64.69,
                "SALES": 2264.15,
                "ORDERDATE": "11/17/2004 0:00",
                "STATUS": "Shipped",
                "PRODUCTLINE": "Vintage Cars",
                "MSRP": 127
            }
        ]
    },
    {
        "ORDERNUMBER": 10332,
        "PRODUCTCODE": "S18_2795",
        "attributes": [
            {
                "QUANTITYORDERED": 24,
                "PRICEEACH": 52.67,
                "SALES": 1264.08,
                "ORDERDATE": "11/17/2004 0:00",
                "STATUS": "Shipped",
                "PRODUCTLINE": "Vintage Cars",
                "MSRP": 168
            }
        ]
    },
    {
        "ORDERNUMBER": 10332,
        "PRODUCTCODE": "S18_3136",
        "attributes": [
            {
                "QUANTITYORDERED": 40,
                "PRICEEACH": 39.8,
                "SALES": 1592.0,
                "ORDERDATE": "11/17/2004 0:00",
                "STATUS": "Shipped",
                "PRODUCTLINE": "Vintage Cars",
                "MSRP": 104
            }
        ]
    },
    {
        "ORDERNUMBER": 10332,
        "PRODUCTCODE": "S24_1046",
        "attributes": [
            {
                "QUANTITYORDERED": 23,
                "PRICEEACH": 56.84,
                "SALES": 1307.32,
                "ORDERDATE": "11/17/2004 0:00",
                "STATUS": "Shipped",
                "PRODUCTLINE": "Classic Cars",
                "MSRP": 73
            }
        ]
    },
    {
        "ORDERNUMBER": 10332,
        "PRODUCTCODE": "S24_1628",
        "attributes": [
            {
                "QUANTITYORDERED": 20,
                "PRICEEACH": 87.96,
                "SALES": 1759.2,
                "ORDERDATE": "11/17/2004 0:00",
                "STATUS": "Shipped",
                "PRODUCTLINE": "Classic Cars",
                "MSRP": 50
            }
        ]
    },
    {
        "ORDERNUMBER": 10332,
        "PRODUCTCODE": "S24_1937",
        "attributes": [
            {
                "QUANTITYORDERED": 45,
                "PRICEEACH": 81.91,
                "SALES": 3685.95,
                "ORDERDATE": "11/17/2004 0:00",
                "STATUS": "Shipped",
                "PRODUCTLINE": "Vintage Cars",
                "MSRP": 33
            }
        ]
    },
    {
        "ORDERNUMBER": 10332,
        "PRODUCTCODE": "S24_2022",
        "attributes": [
            {
                "QUANTITYORDERED": 26,
                "PRICEEACH": 85.52,
                "SALES": 2223.52,
                "ORDERDATE": "11/17/2004 0:00",
                "STATUS": "Shipped",
                "PRODUCTLINE": "Vintage Cars",
                "MSRP": 44
            }
        ]
    },
    {
        "ORDERNUMBER": 10332,
        "PRODUCTCODE": "S24_2766",
        "attributes": [
            {
                "QUANTITYORDERED": 39,
                "PRICEEACH": 86.72,
                "SALES": 3382.08,
                "ORDERDATE": "11/17/2004 0:00",
                "STATUS": "Shipped",
                "PRODUCTLINE": "Classic Cars",
                "MSRP": 90
            }
        ]
    },
    {
        "ORDERNUMBER": 10332,
        "PRODUCTCODE": "S24_2887",
        "attributes": [
            {
                "QUANTITYORDERED": 44,
                "PRICEEACH": 42.26,
                "SALES": 1859.44,
                "ORDERDATE": "11/17/2004 0:00",
                "STATUS": "Shipped",
                "PRODUCTLINE": "Classic Cars",
                "MSRP": 117
            }
        ]
    },
    {
        "ORDERNUMBER": 10332,
        "PRODUCTCODE": "S24_3191",
        "attributes": [
            {
                "QUANTITYORDERED": 45,
                "PRICEEACH": 34.19,
                "SALES": 1538.55,
                "ORDERDATE": "11/17/2004 0:00",
                "STATUS": "Shipped",
                "PRODUCTLINE": "Classic Cars",
                "MSRP": 85
            }
        ]
    },
    {
        "ORDERNUMBER": 10332,
        "PRODUCTCODE": "S24_3432",
        "attributes": [
            {
                "QUANTITYORDERED": 31,
                "PRICEEACH": 37.18,
                "SALES": 1152.58,
                "ORDERDATE": "11/17/2004 0:00",
                "STATUS": "Shipped",
                "PRODUCTLINE": "Classic Cars",
                "MSRP": 107
            }
        ]
    },
    {
        "ORDERNUMBER": 10332,
        "PRODUCTCODE": "S24_3969",
        "attributes": [
            {
                "QUANTITYORDERED": 41,
                "PRICEEACH": 77.24,
                "SALES": 3166.84,
                "ORDERDATE": "11/17/2004 0:00",
                "STATUS": "Shipped",
                "PRODUCTLINE": "Vintage Cars",
                "MSRP": 41
            }
        ]
    },
    {
        "ORDERNUMBER": 10333,
        "PRODUCTCODE": "S12_1666",
        "attributes": [
            {
                "QUANTITYORDERED": 33,
                "PRICEEACH": 99.21,
                "SALES": 3273.93,
                "ORDERDATE": "11/18/2004 0:00",
                "STATUS": "Shipped",
                "PRODUCTLINE": "Trucks and Buses",
                "MSRP": 136
            }
        ]
    },
    {
        "ORDERNUMBER": 10333,
        "PRODUCTCODE": "S18_1097",
        "attributes": [
            {
                "QUANTITYORDERED": 29,
                "PRICEEACH": 40.25,
                "SALES": 1167.25,
                "ORDERDATE": "11/18/2004 0:00",
                "STATUS": "Shipped",
                "PRODUCTLINE": "Trucks and Buses",
                "MSRP": 116
            }
        ]
    },
    {
        "ORDERNUMBER": 10333,
        "PRODUCTCODE": "S18_2949",
        "attributes": [
            {
                "QUANTITYORDERED": 31,
                "PRICEEACH": 90.17,
                "SALES": 2795.27,
                "ORDERDATE": "11/18/2004 0:00",
                "STATUS": "Shipped",
                "PRODUCTLINE": "Vintage Cars",
                "MSRP": 101
            }
        ]
    },
    {
        "ORDERNUMBER": 10333,
        "PRODUCTCODE": "S18_4668",
        "attributes": [
            {
                "QUANTITYORDERED": 24,
                "PRICEEACH": 79.86,
                "SALES": 1916.64,
                "ORDERDATE": "11/18/2004 0:00",
                "STATUS": "Shipped",
                "PRODUCTLINE": "Vintage Cars",
                "MSRP": 50
            }
        ]
    },
    {
        "ORDERNUMBER": 10333,
        "PRODUCTCODE": "S32_3522",
        "attributes": [
            {
                "QUANTITYORDERED": 33,
                "PRICEEACH": 73.69,
                "SALES": 2431.77,
                "ORDERDATE": "11/18/2004 0:00",
                "STATUS": "Shipped",
                "PRODUCTLINE": "Trucks and Buses",
                "MSRP": 64
            }
        ]
    },
    {
        "ORDERNUMBER": 10334,
        "PRODUCTCODE": "S18_2432",
        "attributes": [
            {
                "QUANTITYORDERED": 34,
                "PRICEEACH": 61.38,
                "SALES": 2086.92,
                "ORDERDATE": "11/19/2004 0:00",
                "STATUS": "On Hold",
                "PRODUCTLINE": "Trucks and Buses",
                "MSRP": 60
            }
        ]
    },
    {
        "ORDERNUMBER": 10335,
        "PRODUCTCODE": "S24_2840",
        "attributes": [
            {
                "QUANTITYORDERED": 33,
                "PRICEEACH": 37.13,
                "SALES": 1225.29,
                "ORDERDATE": "11/19/2004 0:00",
                "STATUS": "Shipped",
                "PRODUCTLINE": "Classic Cars",
                "MSRP": 35
            }
        ]
    },
    {
        "ORDERNUMBER": 10335,
        "PRODUCTCODE": "S32_2509",
        "attributes": [
            {
                "QUANTITYORDERED": 40,
                "PRICEEACH": 60.6,
                "SALES": 2424.0,
                "ORDERDATE": "11/19/2004 0:00",
                "STATUS": "Shipped",
                "PRODUCTLINE": "Trucks and Buses",
                "MSRP": 54
            }
        ]
    },
    {
        "ORDERNUMBER": 10336,
        "PRODUCTCODE": "S12_1108",
        "attributes": [
            {
                "QUANTITYORDERED": 33,
                "PRICEEACH": 57.22,
                "SALES": 1888.26,
                "ORDERDATE": "11/20/2004 0:00",
                "STATUS": "Shipped",
                "PRODUCTLINE": "Classic Cars",
                "MSRP": 207
            }
        ]
    },
    {
        "ORDERNUMBER": 10336,
        "PRODUCTCODE": "S12_3891",
        "attributes": [
            {
                "QUANTITYORDERED": 49,
                "PRICEEACH": 63.38,
                "SALES": 3105.62,
                "ORDERDATE": "11/20/2004 0:00",
                "STATUS": "Shipped",
                "PRODUCTLINE": "Classic Cars",
                "MSRP": 173
            }
        ]
    },
    {
        "ORDERNUMBER": 10336,
        "PRODUCTCODE": "S32_3207",
        "attributes": [
            {
                "QUANTITYORDERED": 31,
                "PRICEEACH": 84.71,
                "SALES": 2626.01,
                "ORDERDATE": "11/20/2004 0:00",
                "STATUS": "Shipped",
                "PRODUCTLINE": "Trains",
                "MSRP": 62
            }
        ]
    },
    {
        "ORDERNUMBER": 10337,
        "PRODUCTCODE": "S10_4757",
        "attributes": [
            {
                "QUANTITYORDERED": 25,
                "PRICEEACH": 48.05,
                "SALES": 1201.25,
                "ORDERDATE": "11/21/2004 0:00",
                "STATUS": "Shipped",
                "PRODUCTLINE": "Classic Cars",
                "MSRP": 136
            }
        ]
    },
    {
        "ORDERNUMBER": 10337,
        "PRODUCTCODE": "S24_2011",
        "attributes": [
            {
                "QUANTITYORDERED": 29,
                "PRICEEACH": 71.97,
                "SALES": 2087.13,
                "ORDERDATE": "11/21/2004 0:00",
                "STATUS": "Shipped",
                "PRODUCTLINE": "Ships",
                "MSRP": 122
            }
        ]
    },
    {
        "ORDERNUMBER": 10337,
        "PRODUCTCODE": "S700_1938",
        "attributes": [
            {
                "QUANTITYORDERED": 36,
                "PRICEEACH": 70.3,
                "SALES": 2530.8,
                "ORDERDATE": "11/21/2004 0:00",
                "STATUS": "Shipped",
                "PRODUCTLINE": "Ships",
                "MSRP": 86
            }
        ]
    },
    {
        "ORDERNUMBER": 10337,
        "PRODUCTCODE": "S700_3505",
        "attributes": [
            {
                "QUANTITYORDERED": 31,
                "PRICEEACH": 89.38,
                "SALES": 2770.78,
                "ORDERDATE": "11/21/2004 0:00",
                "STATUS": "Shipped",
                "PRODUCTLINE": "Ships",
                "MSRP": 100
            }
        ]
    },
    {
        "ORDERNUMBER": 10337,
        "PRODUCTCODE": "S700_3962",
        "attributes": [
            {
                "QUANTITYORDERED": 36,
                "PRICEEACH": 71.89,
                "SALES": 2588.04,
                "ORDERDATE": "11/21/2004 0:00",
                "STATUS": "Shipped",
                "PRODUCTLINE": "Ships",
                "MSRP": 99
            }
        ]
    },
    {
        "ORDERNUMBER": 10337,
        "PRODUCTCODE": "S72_3212",
        "attributes": [
            {
                "QUANTITYORDERED": 42,
                "PRICEEACH": 97.16,
                "SALES": 4080.72,
                "ORDERDATE": "11/21/2004 0:00",
                "STATUS": "Shipped",
                "PRODUCTLINE": "Ships",
                "MSRP": 54
            }
        ]
    },
    {
        "ORDERNUMBER": 10338,
        "PRODUCTCODE": "S18_3029",
        "attributes": [
            {
                "QUANTITYORDERED": 28,
                "PRICEEACH": 82.58,
                "SALES": 2312.24,
                "ORDERDATE": "11/22/2004 0:00",
                "STATUS": "Shipped",
                "PRODUCTLINE": "Ships",
                "MSRP": 86
            }
        ]
    },
    {
        "ORDERNUMBER": 10339,
        "PRODUCTCODE": "S10_2016",
        "attributes": [
            {
                "QUANTITYORDERED": 40,
                "PRICEEACH": 68.92,
                "SALES": 2756.8,
                "ORDERDATE": "11/23/2004 0:00",
                "STATUS": "Shipped",
                "PRODUCTLINE": "Motorcycles",
                "MSRP": 118
            }
        ]
    },
    {
        "ORDERNUMBER": 10339,
        "PRODUCTCODE": "S10_4698",
        "attributes": [
            {
                "QUANTITYORDERED": 39,
                "PRICEEACH": 76.67,
                "SALES": 2990.13,
                "ORDERDATE": "11/23/2004 0:00",
                "STATUS": "Shipped",
                "PRODUCTLINE": "Motorcycles",
                "MSRP": 193
            }
        ]
    },
    {
        "ORDERNUMBER": 10339,
        "PRODUCTCODE": "S18_2625",
        "attributes": [
            {
                "QUANTITYORDERED": 30,
                "PRICEEACH": 62.16,
                "SALES": 1864.8,
                "ORDERDATE": "11/23/2004 0:00",
                "STATUS": "Shipped",
                "PRODUCTLINE": "Motorcycles",
                "MSRP": 60
            }
        ]
    },
    {
        "ORDERNUMBER": 10339,
        "PRODUCTCODE": "S24_1578",
        "attributes": [
            {
                "QUANTITYORDERED": 27,
                "PRICEEACH": 84.39,
                "SALES": 2278.53,
                "ORDERDATE": "11/23/2004 0:00",
                "STATUS": "Shipped",
                "PRODUCTLINE": "Motorcycles",
                "MSRP": 112
            }
        ]
    },
    {
        "ORDERNUMBER": 10339,
        "PRODUCTCODE": "S24_1785",
        "attributes": [
            {
                "QUANTITYORDERED": 21,
                "PRICEEACH": 50.65,
                "SALES": 1063.65,
                "ORDERDATE": "11/23/2004 0:00",
                "STATUS": "Shipped",
                "PRODUCTLINE": "Planes",
                "MSRP": 109
            }
        ]
    },
    {
        "ORDERNUMBER": 10339,
        "PRODUCTCODE": "S24_3420",
        "attributes": [
            {
                "QUANTITYORDERED": 29,
                "PRICEEACH": 99.69,
                "SALES": 2891.01,
                "ORDERDATE": "11/23/2004 0:00",
                "STATUS": "Shipped",
                "PRODUCTLINE": "Vintage Cars",
                "MSRP": 65
            }
        ]
    },
    {
        "ORDERNUMBER": 10339,
        "PRODUCTCODE": "S24_3816",
        "attributes": [
            {
                "QUANTITYORDERED": 42,
                "PRICEEACH": 59.36,
                "SALES": 2493.12,
                "ORDERDATE": "11/23/2004 0:00",
                "STATUS": "Shipped",
                "PRODUCTLINE": "Vintage Cars",
                "MSRP": 83
            }
        ]
    },
    {
        "ORDERNUMBER": 10339,
        "PRODUCTCODE": "S24_3949",
        "attributes": [
            {
                "QUANTITYORDERED": 45,
                "PRICEEACH": 96.92,
                "SALES": 4361.4,
                "ORDERDATE": "11/23/2004 0:00",
                "STATUS": "Shipped",
                "PRODUCTLINE": "Planes",
                "MSRP": 68
            }
        ]
    },
    {
        "ORDERNUMBER": 10339,
        "PRODUCTCODE": "S700_2047",
        "attributes": [
            {
                "QUANTITYORDERED": 55,
                "PRICEEACH": 71.25,
                "SALES": 3918.75,
                "ORDERDATE": "11/23/2004 0:00",
                "STATUS": "Shipped",
                "PRODUCTLINE": "Ships",
                "MSRP": 90
            }
        ]
    },
    {
        "ORDERNUMBER": 10339,
        "PRODUCTCODE": "S700_2610",
        "attributes": [
            {
                "QUANTITYORDERED": 50,
                "PRICEEACH": 74.35,
                "SALES": 3717.5,
                "ORDERDATE": "11/23/2004 0:00",
                "STATUS": "Shipped",
                "PRODUCTLINE": "Ships",
                "MSRP": 72
            }
        ]
    },
    {
        "ORDERNUMBER": 10339,
        "PRODUCTCODE": "S700_4002",
        "attributes": [
            {
                "QUANTITYORDERED": 50,
                "PRICEEACH": 57.86,
                "SALES": 2893.0,
                "ORDERDATE": "11/23/2004 0:00",
                "STATUS": "Shipped",
                "PRODUCTLINE": "Planes",
                "MSRP": 74
            }
        ]
    },
    {
        "ORDERNUMBER": 10339,
        "PRODUCTCODE": "S72_1253",
        "attributes": [
            {
                "QUANTITYORDERED": 27,
                "PRICEEACH": 76.31,
                "SALES": 2060.37,
                "ORDERDATE": "11/23/2004 0:00",
                "STATUS": "Shipped",
                "PRODUCTLINE": "Planes",
                "MSRP": 49
            }
        ]
    },
    {
        "ORDERNUMBER": 10340,
        "PRODUCTCODE": "S24_2000",
        "attributes": [
            {
                "QUANTITYORDERED": 55,
                "PRICEEACH": 79.98,
                "SALES": 4398.9,
                "ORDERDATE": "11/24/2004 0:00",
                "STATUS": "Shipped",
                "PRODUCTLINE": "Motorcycles",
                "MSRP": 76
            }
        ]
    },
    {
        "ORDERNUMBER": 10340,
        "PRODUCTCODE": "S24_4278",
        "attributes": [
            {
                "QUANTITYORDERED": 40,
                "PRICEEACH": 84.77,
                "SALES": 3390.8,
                "ORDERDATE": "11/24/2004 0:00",
                "STATUS": "Shipped",
                "PRODUCTLINE": "Planes",
                "MSRP": 72
            }
        ]
    },
    {
        "ORDERNUMBER": 10340,
        "PRODUCTCODE": "S32_4289",
        "attributes": [
            {
                "QUANTITYORDERED": 39,
                "PRICEEACH": 59.16,
                "SALES": 2307.24,
                "ORDERDATE": "11/24/2004 0:00",
                "STATUS": "Shipped",
                "PRODUCTLINE": "Vintage Cars",
                "MSRP": 68
            }
        ]
    },
    {
        "ORDERNUMBER": 10340,
        "PRODUCTCODE": "S50_1341",
        "attributes": [
            {
                "QUANTITYORDERED": 40,
                "PRICEEACH": 50.62,
                "SALES": 2024.8,
                "ORDERDATE": "11/24/2004 0:00",
                "STATUS": "Shipped",
                "PRODUCTLINE": "Vintage Cars",
                "MSRP": 43
            }
        ]
    },
    {
        "ORDERNUMBER": 10340,
        "PRODUCTCODE": "S700_1691",
        "attributes": [
            {
                "QUANTITYORDERED": 30,
                "PRICEEACH": 88.6,
                "SALES": 2658.0,
                "ORDERDATE": "11/24/2004 0:00",
                "STATUS": "Shipped",
                "PRODUCTLINE": "Planes",
                "MSRP": 91
            }
        ]
    },
    {
        "ORDERNUMBER": 10340,
        "PRODUCTCODE": "S700_2466",
        "attributes": [
            {
                "QUANTITYORDERED": 55,
                "PRICEEACH": 87.75,
                "SALES": 4826.25,
                "ORDERDATE": "11/24/2004 0:00",
                "STATUS": "Shipped",
                "PRODUCTLINE": "Planes",
                "MSRP": 99
            }
        ]
    },
    {
        "ORDERNUMBER": 10341,
        "PRODUCTCODE": "S12_1099",
        "attributes": [
            {
                "QUANTITYORDERED": 45,
                "PRICEEACH": 79.65,
                "SALES": 3584.25,
                "ORDERDATE": "11/24/2004 0:00",
                "STATUS": "Shipped",
                "PRODUCTLINE": "Classic Cars",
                "MSRP": 194
            }
        ]
    },
    {
        "ORDERNUMBER": 10341,
        "PRODUCTCODE": "S12_3380",
        "attributes": [
            {
                "QUANTITYORDERED": 44,
                "PRICEEACH": 95.93,
                "SALES": 4220.92,
                "ORDERDATE": "11/24/2004 0:00",
                "STATUS": "Shipped",
                "PRODUCTLINE": "Classic Cars",
                "MSRP": 117
            }
        ]
    },
    {
        "ORDERNUMBER": 10341,
        "PRODUCTCODE": "S12_3990",
        "attributes": [
            {
                "QUANTITYORDERED": 36,
                "PRICEEACH": 93.56,
                "SALES": 3368.16,
                "ORDERDATE": "11/24/2004 0:00",
                "STATUS": "Shipped",
                "PRODUCTLINE": "Classic Cars",
                "MSRP": 79
            }
        ]
    },
    {
        "ORDERNUMBER": 10341,
        "PRODUCTCODE": "S12_4675",
        "attributes": [
            {
                "QUANTITYORDERED": 55,
                "PRICEEACH": 75.2,
                "SALES": 4136.0,
                "ORDERDATE": "11/24/2004 0:00",
                "STATUS": "Shipped",
                "PRODUCTLINE": "Classic Cars",
                "MSRP": 115
            }
        ]
    },
    {
        "ORDERNUMBER": 10341,
        "PRODUCTCODE": "S32_4485",
        "attributes": [
            {
                "QUANTITYORDERED": 31,
                "PRICEEACH": 71.02,
                "SALES": 2201.62,
                "ORDERDATE": "11/24/2004 0:00",
                "STATUS": "Shipped",
                "PRODUCTLINE": "Motorcycles",
                "MSRP": 102
            }
        ]
    },
    {
        "ORDERNUMBER": 10342,
        "PRODUCTCODE": "S18_1889",
        "attributes": [
            {
                "QUANTITYORDERED": 55,
                "PRICEEACH": 65.45,
                "SALES": 3599.75,
                "ORDERDATE": "11/24/2004 0:00",
                "STATUS": "Shipped",
                "PRODUCTLINE": "Classic Cars",
                "MSRP": 77
            }
        ]
    },
    {
        "ORDERNUMBER": 10342,
        "PRODUCTCODE": "S18_3278",
        "attributes": [
            {
                "QUANTITYORDERED": 25,
                "PRICEEACH": 66.74,
                "SALES": 1668.5,
                "ORDERDATE": "11/24/2004 0:00",
                "STATUS": "Shipped",
                "PRODUCTLINE": "Classic Cars",
                "MSRP": 80
            }
        ]
    },
    {
        "ORDERNUMBER": 10342,
        "PRODUCTCODE": "S18_3782",
        "attributes": [
            {
                "QUANTITYORDERED": 26,
                "PRICEEACH": 55.95,
                "SALES": 1454.7,
                "ORDERDATE": "11/24/2004 0:00",
                "STATUS": "Shipped",
                "PRODUCTLINE": "Motorcycles",
                "MSRP": 62
            }
        ]
    },
    {
        "ORDERNUMBER": 10342,
        "PRODUCTCODE": "S24_2972",
        "attributes": [
            {
                "QUANTITYORDERED": 39,
                "PRICEEACH": 40.4,
                "SALES": 1575.6,
                "ORDERDATE": "11/24/2004 0:00",
                "STATUS": "Shipped",
                "PRODUCTLINE": "Classic Cars",
                "MSRP": 37
            }
        ]
    },
    {
        "ORDERNUMBER": 10342,
        "PRODUCTCODE": "S24_3371",
        "attributes": [
            {
                "QUANTITYORDERED": 48,
                "PRICEEACH": 62.45,
                "SALES": 2997.6,
                "ORDERDATE": "11/24/2004 0:00",
                "STATUS": "Shipped",
                "PRODUCTLINE": "Classic Cars",
                "MSRP": 61
            }
        ]
    },
    {
        "ORDERNUMBER": 10343,
        "PRODUCTCODE": "S18_2870",
        "attributes": [
            {
                "QUANTITYORDERED": 25,
                "PRICEEACH": 52.32,
                "SALES": 1308.0,
                "ORDERDATE": "11/24/2004 0:00",
                "STATUS": "Shipped",
                "PRODUCTLINE": "Classic Cars",
                "MSRP": 132
            }
        ]
    },
    {
        "ORDERNUMBER": 10343,
        "PRODUCTCODE": "S18_3685",
        "attributes": [
            {
                "QUANTITYORDERED": 44,
                "PRICEEACH": 84.88,
                "SALES": 3734.72,
                "ORDERDATE": "11/24/2004 0:00",
                "STATUS": "Shipped",
                "PRODUCTLINE": "Classic Cars",
                "MSRP": 141
            }
        ]
    },
    {
        "ORDERNUMBER": 10343,
        "PRODUCTCODE": "S24_1628",
        "attributes": [
            {
                "QUANTITYORDERED": 27,
                "PRICEEACH": 36.21,
                "SALES": 977.67,
                "ORDERDATE": "11/24/2004 0:00",
                "STATUS": "Shipped",
                "PRODUCTLINE": "Classic Cars",
                "MSRP": 50
            }
        ]
    },
    {
        "ORDERNUMBER": 10344,
        "PRODUCTCODE": "S18_2248",
        "attributes": [
            {
                "QUANTITYORDERED": 40,
                "PRICEEACH": 56.91,
                "SALES": 2276.4,
                "ORDERDATE": "11/25/2004 0:00",
                "STATUS": "Shipped",
                "PRODUCTLINE": "Vintage Cars",
                "MSRP": 60
            }
        ]
    },
    {
        "ORDERNUMBER": 10344,
        "PRODUCTCODE": "S18_4933",
        "attributes": [
            {
                "QUANTITYORDERED": 26,
                "PRICEEACH": 63.43,
                "SALES": 1649.18,
                "ORDERDATE": "11/25/2004 0:00",
                "STATUS": "Shipped",
                "PRODUCTLINE": "Classic Cars",
                "MSRP": 71
            }
        ]
    },
    {
        "ORDERNUMBER": 10344,
        "PRODUCTCODE": "S24_1046",
        "attributes": [
            {
                "QUANTITYORDERED": 29,
                "PRICEEACH": 59.53,
                "SALES": 1726.37,
                "ORDERDATE": "11/25/2004 0:00",
                "STATUS": "Shipped",
                "PRODUCTLINE": "Classic Cars",
                "MSRP": 73
            }
        ]
    },
    {
        "ORDERNUMBER": 10344,
        "PRODUCTCODE": "S24_1937",
        "attributes": [
            {
                "QUANTITYORDERED": 20,
                "PRICEEACH": 35.18,
                "SALES": 703.6,
                "ORDERDATE": "11/25/2004 0:00",
                "STATUS": "Shipped",
                "PRODUCTLINE": "Vintage Cars",
                "MSRP": 33
            }
        ]
    },
    {
        "ORDERNUMBER": 10345,
        "PRODUCTCODE": "S24_2022",
        "attributes": [
            {
                "QUANTITYORDERED": 43,
                "PRICEEACH": 53.76,
                "SALES": 2311.68,
                "ORDERDATE": "11/25/2004 0:00",
                "STATUS": "Shipped",
                "PRODUCTLINE": "Vintage Cars",
                "MSRP": 44
            }
        ]
    },
    {
        "ORDERNUMBER": 10346,
        "PRODUCTCODE": "S18_1342",
        "attributes": [
            {
                "QUANTITYORDERED": 42,
                "PRICEEACH": 36.11,
                "SALES": 1516.62,
                "ORDERDATE": "11/29/2004 0:00",
                "STATUS": "Shipped",
                "PRODUCTLINE": "Vintage Cars",
                "MSRP": 102
            }
        ]
    },
    {
        "ORDERNUMBER": 10346,
        "PRODUCTCODE": "S24_2887",
        "attributes": [
            {
                "QUANTITYORDERED": 24,
                "PRICEEACH": 87.24,
                "SALES": 2093.76,
                "ORDERDATE": "11/29/2004 0:00",
                "STATUS": "Shipped",
                "PRODUCTLINE": "Classic Cars",
                "MSRP": 117
            }
        ]
    },
    {
        "ORDERNUMBER": 10346,
        "PRODUCTCODE": "S24_3432",
        "attributes": [
            {
                "QUANTITYORDERED": 26,
                "PRICEEACH": 95.88,
                "SALES": 2492.88,
                "ORDERDATE": "11/29/2004 0:00",
                "STATUS": "Shipped",
                "PRODUCTLINE": "Classic Cars",
                "MSRP": 107
            }
        ]
    },
    {
        "ORDERNUMBER": 10346,
        "PRODUCTCODE": "S24_3969",
        "attributes": [
            {
                "QUANTITYORDERED": 22,
                "PRICEEACH": 97.44,
                "SALES": 2143.68,
                "ORDERDATE": "11/29/2004 0:00",
                "STATUS": "Shipped",
                "PRODUCTLINE": "Vintage Cars",
                "MSRP": 41
            }
        ]
    },
    {
        "ORDERNUMBER": 10347,
        "PRODUCTCODE": "S18_1097",
        "attributes": [
            {
                "QUANTITYORDERED": 42,
                "PRICEEACH": 49.6,
                "SALES": 2083.2,
                "ORDERDATE": "11/29/2004 0:00",
                "STATUS": "Shipped",
                "PRODUCTLINE": "Trucks and Buses",
                "MSRP": 116
            }
        ]
    },
    {
        "ORDERNUMBER": 10347,
        "PRODUCTCODE": "S18_1367",
        "attributes": [
            {
                "QUANTITYORDERED": 21,
                "PRICEEACH": 58.95,
                "SALES": 1237.95,
                "ORDERDATE": "11/29/2004 0:00",
                "STATUS": "Shipped",
                "PRODUCTLINE": "Vintage Cars",
                "MSRP": 53
            }
        ]
    },
    {
        "ORDERNUMBER": 10347,
        "PRODUCTCODE": "S18_2957",
        "attributes": [
            {
                "QUANTITYORDERED": 34,
                "PRICEEACH": 64.96,
                "SALES": 2208.64,
                "ORDERDATE": "11/29/2004 0:00",
                "STATUS": "Shipped",
                "PRODUCTLINE": "Vintage Cars",
                "MSRP": 62
            }
        ]
    },
    {
        "ORDERNUMBER": 10348,
        "PRODUCTCODE": "S12_1108",
        "attributes": [
            {
                "QUANTITYORDERED": 48,
                "PRICEEACH": 52.36,
                "SALES": 2513.28,
                "ORDERDATE": "11/1/2004 0:00",
                "STATUS": "Shipped",
                "PRODUCTLINE": "Classic Cars",
                "MSRP": 207
            }
        ]
    },
    {
        "ORDERNUMBER": 10348,
        "PRODUCTCODE": "S24_4258",
        "attributes": [
            {
                "QUANTITYORDERED": 39,
                "PRICEEACH": 50.31,
                "SALES": 1962.09,
                "ORDERDATE": "11/1/2004 0:00",
                "STATUS": "Shipped",
                "PRODUCTLINE": "Vintage Cars",
                "MSRP": 97
            }
        ]
    },
    {
        "ORDERNUMBER": 10348,
        "PRODUCTCODE": "S700_2824",
        "attributes": [
            {
                "QUANTITYORDERED": 32,
                "PRICEEACH": 82.83,
                "SALES": 2650.56,
                "ORDERDATE": "11/1/2004 0:00",
                "STATUS": "Shipped",
                "PRODUCTLINE": "Classic Cars",
                "MSRP": 101
            }
        ]
    },
    {
        "ORDERNUMBER": 10349,
        "PRODUCTCODE": "S24_1444",
        "attributes": [
            {
                "QUANTITYORDERED": 48,
                "PRICEEACH": 47.4,
                "SALES": 2275.2,
                "ORDERDATE": "12/1/2004 0:00",
                "STATUS": "Shipped",
                "PRODUCTLINE": "Classic Cars",
                "MSRP": 57
            }
        ]
    },
    {
        "ORDERNUMBER": 10349,
        "PRODUCTCODE": "S24_2840",
        "attributes": [
            {
                "QUANTITYORDERED": 36,
                "PRICEEACH": 37.13,
                "SALES": 1336.68,
                "ORDERDATE": "12/1/2004 0:00",
                "STATUS": "Shipped",
                "PRODUCTLINE": "Classic Cars",
                "MSRP": 35
            }
        ]
    },
    {
        "ORDERNUMBER": 10349,
        "PRODUCTCODE": "S32_2509",
        "attributes": [
            {
                "QUANTITYORDERED": 33,
                "PRICEEACH": 46.53,
                "SALES": 1535.49,
                "ORDERDATE": "12/1/2004 0:00",
                "STATUS": "Shipped",
                "PRODUCTLINE": "Trucks and Buses",
                "MSRP": 54
            }
        ]
    },
    {
        "ORDERNUMBER": 10350,
        "PRODUCTCODE": "S10_4757",
        "attributes": [
            {
                "QUANTITYORDERED": 26,
                "PRICEEACH": 75.47,
                "SALES": 1962.22,
                "ORDERDATE": "12/2/2004 0:00",
                "STATUS": "Shipped",
                "PRODUCTLINE": "Classic Cars",
                "MSRP": 136
            }
        ]
    },
    {
        "ORDERNUMBER": 10350,
        "PRODUCTCODE": "S18_3029",
        "attributes": [
            {
                "QUANTITYORDERED": 43,
                "PRICEEACH": 64.97,
                "SALES": 2793.71,
                "ORDERDATE": "12/2/2004 0:00",
                "STATUS": "Shipped",
                "PRODUCTLINE": "Ships",
                "MSRP": 86
            }
        ]
    },
    {
        "ORDERNUMBER": 10350,
        "PRODUCTCODE": "S18_3259",
        "attributes": [
            {
                "QUANTITYORDERED": 41,
                "PRICEEACH": 93.04,
                "SALES": 3814.64,
                "ORDERDATE": "12/2/2004 0:00",
                "STATUS": "Shipped",
                "PRODUCTLINE": "Trains",
                "MSRP": 100
            }
        ]
    },
    {
        "ORDERNUMBER": 10350,
        "PRODUCTCODE": "S24_2011",
        "attributes": [
            {
                "QUANTITYORDERED": 34,
                "PRICEEACH": 50.33,
                "SALES": 1711.22,
                "ORDERDATE": "12/2/2004 0:00",
                "STATUS": "Shipped",
                "PRODUCTLINE": "Ships",
                "MSRP": 122
            }
        ]
    },
    {
        "ORDERNUMBER": 10350,
        "PRODUCTCODE": "S24_3816",
        "attributes": [
            {
                "QUANTITYORDERED": 25,
                "PRICEEACH": 60.34,
                "SALES": 1508.5,
                "ORDERDATE": "12/2/2004 0:00",
                "STATUS": "Shipped",
                "PRODUCTLINE": "Vintage Cars",
                "MSRP": 83
            }
        ]
    },
    {
        "ORDERNUMBER": 10350,
        "PRODUCTCODE": "S50_1392",
        "attributes": [
            {
                "QUANTITYORDERED": 31,
                "PRICEEACH": 71.4,
                "SALES": 2213.4,
                "ORDERDATE": "12/2/2004 0:00",
                "STATUS": "Shipped",
                "PRODUCTLINE": "Trucks and Buses",
                "MSRP": 115
            }
        ]
    },
    {
        "ORDERNUMBER": 10350,
        "PRODUCTCODE": "S700_1138",
        "attributes": [
            {
                "QUANTITYORDERED": 46,
                "PRICEEACH": 76.67,
                "SALES": 3526.82,
                "ORDERDATE": "12/2/2004 0:00",
                "STATUS": "Shipped",
                "PRODUCTLINE": "Ships",
                "MSRP": 66
            }
        ]
    },
    {
        "ORDERNUMBER": 10350,
        "PRODUCTCODE": "S700_2610",
        "attributes": [
            {
                "QUANTITYORDERED": 29,
                "PRICEEACH": 75.35,
                "SALES": 2185.15,
                "ORDERDATE": "12/2/2004 0:00",
                "STATUS": "Shipped",
                "PRODUCTLINE": "Ships",
                "MSRP": 72
            }
        ]
    },
    {
        "ORDERNUMBER": 10350,
        "PRODUCTCODE": "S700_3505",
        "attributes": [
            {
                "QUANTITYORDERED": 31,
                "PRICEEACH": 77.34,
                "SALES": 2397.54,
                "ORDERDATE": "12/2/2004 0:00",
                "STATUS": "Shipped",
                "PRODUCTLINE": "Ships",
                "MSRP": 100
            }
        ]
    },
    {
        "ORDERNUMBER": 10351,
        "PRODUCTCODE": "S18_1662",
        "attributes": [
            {
                "QUANTITYORDERED": 39,
                "PRICEEACH": 99.52,
                "SALES": 3881.28,
                "ORDERDATE": "12/3/2004 0:00",
                "STATUS": "Shipped",
                "PRODUCTLINE": "Planes",
                "MSRP": 157
            }
        ]
    },
    {
        "ORDERNUMBER": 10351,
        "PRODUCTCODE": "S24_2841",
        "attributes": [
            {
                "QUANTITYORDERED": 25,
                "PRICEEACH": 74.68,
                "SALES": 1867.0,
                "ORDERDATE": "12/3/2004 0:00",
                "STATUS": "Shipped",
                "PRODUCTLINE": "Planes",
                "MSRP": 68
            }
        ]
    },
    {
        "ORDERNUMBER": 10351,
        "PRODUCTCODE": "S24_3420",
        "attributes": [
            {
                "QUANTITYORDERED": 38,
                "PRICEEACH": 68.38,
                "SALES": 2598.44,
                "ORDERDATE": "12/3/2004 0:00",
                "STATUS": "Shipped",
                "PRODUCTLINE": "Vintage Cars",
                "MSRP": 65
            }
        ]
    },
    {
        "ORDERNUMBER": 10351,
        "PRODUCTCODE": "S24_3949",
        "attributes": [
            {
                "QUANTITYORDERED": 34,
                "PRICEEACH": 59.37,
                "SALES": 2018.58,
                "ORDERDATE": "12/3/2004 0:00",
                "STATUS": "Shipped",
                "PRODUCTLINE": "Planes",
                "MSRP": 68
            }
        ]
    },
    {
        "ORDERNUMBER": 10352,
        "PRODUCTCODE": "S700_4002",
        "attributes": [
            {
                "QUANTITYORDERED": 22,
                "PRICEEACH": 75.51,
                "SALES": 1661.22,
                "ORDERDATE": "12/3/2004 0:00",
                "STATUS": "Shipped",
                "PRODUCTLINE": "Planes",
                "MSRP": 74
            }
        ]
    },
    {
        "ORDERNUMBER": 10352,
        "PRODUCTCODE": "S72_1253",
        "attributes": [
            {
                "QUANTITYORDERED": 49,
                "PRICEEACH": 52.64,
                "SALES": 2579.36,
                "ORDERDATE": "12/3/2004 0:00",
                "STATUS": "Shipped",
                "PRODUCTLINE": "Planes",
                "MSRP": 49
            }
        ]
    },
    {
        "ORDERNUMBER": 10353,
        "PRODUCTCODE": "S24_1785",
        "attributes": [
            {
                "QUANTITYORDERED": 28,
                "PRICEEACH": 71.73,
                "SALES": 2008.44,
                "ORDERDATE": "12/4/2004 0:00",
                "STATUS": "Shipped",
                "PRODUCTLINE": "Planes",
                "MSRP": 109
            }
        ]
    },
    {
        "ORDERNUMBER": 10353,
        "PRODUCTCODE": "S24_4278",
        "attributes": [
            {
                "QUANTITYORDERED": 35,
                "PRICEEACH": 89.9,
                "SALES": 3146.5,
                "ORDERDATE": "12/4/2004 0:00",
                "STATUS": "Shipped",
                "PRODUCTLINE": "Planes",
                "MSRP": 72
            }
        ]
    },
    {
        "ORDERNUMBER": 10353,
        "PRODUCTCODE": "S32_1374",
        "attributes": [
            {
                "QUANTITYORDERED": 46,
                "PRICEEACH": 81.17,
                "SALES": 3733.82,
                "ORDERDATE": "12/4/2004 0:00",
                "STATUS": "Shipped",
                "PRODUCTLINE": "Motorcycles",
                "MSRP": 99
            }
        ]
    },
    {
        "ORDERNUMBER": 10353,
        "PRODUCTCODE": "S32_4289",
        "attributes": [
            {
                "QUANTITYORDERED": 40,
                "PRICEEACH": 44.51,
                "SALES": 1780.4,
                "ORDERDATE": "12/4/2004 0:00",
                "STATUS": "Shipped",
                "PRODUCTLINE": "Vintage Cars",
                "MSRP": 68
            }
        ]
    },
    {
        "ORDERNUMBER": 10353,
        "PRODUCTCODE": "S50_1341",
        "attributes": [
            {
                "QUANTITYORDERED": 40,
                "PRICEEACH": 82.21,
                "SALES": 3288.4,
                "ORDERDATE": "12/4/2004 0:00",
                "STATUS": "Shipped",
                "PRODUCTLINE": "Vintage Cars",
                "MSRP": 43
            }
        ]
    },
    {
        "ORDERNUMBER": 10353,
        "PRODUCTCODE": "S700_2834",
        "attributes": [
            {
                "QUANTITYORDERED": 48,
                "PRICEEACH": 68.8,
                "SALES": 3302.4,
                "ORDERDATE": "12/4/2004 0:00",
                "STATUS": "Shipped",
                "PRODUCTLINE": "Planes",
                "MSRP": 118
            }
        ]
    },
    {
        "ORDERNUMBER": 10353,
        "PRODUCTCODE": "S700_3167",
        "attributes": [
            {
                "QUANTITYORDERED": 43,
                "PRICEEACH": 81.95,
                "SALES": 3523.85,
                "ORDERDATE": "12/4/2004 0:00",
                "STATUS": "Shipped",
                "PRODUCTLINE": "Planes",
                "MSRP": 80
            }
        ]
    },
    {
        "ORDERNUMBER": 10355,
        "PRODUCTCODE": "S18_3782",
        "attributes": [
            {
                "QUANTITYORDERED": 31,
                "PRICEEACH": 53.47,
                "SALES": 1657.57,
                "ORDERDATE": "12/7/2004 0:00",
                "STATUS": "Shipped",
                "PRODUCTLINE": "Motorcycles",
                "MSRP": 62
            }
        ]
    },
    {
        "ORDERNUMBER": 10355,
        "PRODUCTCODE": "S24_2360",
        "attributes": [
            {
                "QUANTITYORDERED": 41,
                "PRICEEACH": 70.65,
                "SALES": 2896.65,
                "ORDERDATE": "12/7/2004 0:00",
                "STATUS": "Shipped",
                "PRODUCTLINE": "Motorcycles",
                "MSRP": 69
            }
        ]
    },
    {
        "ORDERNUMBER": 10355,
        "PRODUCTCODE": "S24_2972",
        "attributes": [
            {
                "QUANTITYORDERED": 36,
                "PRICEEACH": 38.52,
                "SALES": 1386.72,
                "ORDERDATE": "12/7/2004 0:00",
                "STATUS": "Shipped",
                "PRODUCTLINE": "Classic Cars",
                "MSRP": 37
            }
        ]
    },
    {
        "ORDERNUMBER": 10355,
        "PRODUCTCODE": "S24_3371",
        "attributes": [
            {
                "QUANTITYORDERED": 44,
                "PRICEEACH": 62.45,
                "SALES": 2747.8,
                "ORDERDATE": "12/7/2004 0:00",
                "STATUS": "Shipped",
                "PRODUCTLINE": "Classic Cars",
                "MSRP": 61
            }
        ]
    },
    {
        "ORDERNUMBER": 10355,
        "PRODUCTCODE": "S24_4620",
        "attributes": [
            {
                "QUANTITYORDERED": 28,
                "PRICEEACH": 95.39,
                "SALES": 2670.92,
                "ORDERDATE": "12/7/2004 0:00",
                "STATUS": "Shipped",
                "PRODUCTLINE": "Classic Cars",
                "MSRP": 80
            }
        ]
    },
    {
        "ORDERNUMBER": 10355,
        "PRODUCTCODE": "S32_2206",
        "attributes": [
            {
                "QUANTITYORDERED": 38,
                "PRICEEACH": 39.83,
                "SALES": 1513.54,
                "ORDERDATE": "12/7/2004 0:00",
                "STATUS": "Shipped",
                "PRODUCTLINE": "Motorcycles",
                "MSRP": 40
            }
        ]
    },
    {
        "ORDERNUMBER": 10356,
        "PRODUCTCODE": "S18_1129",
        "attributes": [
            {
                "QUANTITYORDERED": 43,
                "PRICEEACH": 97.6,
                "SALES": 4196.8,
                "ORDERDATE": "12/9/2004 0:00",
                "STATUS": "Shipped",
                "PRODUCTLINE": "Classic Cars",
                "MSRP": 141
            }
        ]
    },
    {
        "ORDERNUMBER": 10356,
        "PRODUCTCODE": "S18_1342",
        "attributes": [
            {
                "QUANTITYORDERED": 50,
                "PRICEEACH": 50.18,
                "SALES": 2509.0,
                "ORDERDATE": "12/9/2004 0:00",
                "STATUS": "Shipped",
                "PRODUCTLINE": "Vintage Cars",
                "MSRP": 102
            }
        ]
    },
    {
        "ORDERNUMBER": 10356,
        "PRODUCTCODE": "S18_1367",
        "attributes": [
            {
                "QUANTITYORDERED": 22,
                "PRICEEACH": 72.41,
                "SALES": 1593.02,
                "ORDERDATE": "12/9/2004 0:00",
                "STATUS": "Shipped",
                "PRODUCTLINE": "Vintage Cars",
                "MSRP": 53
            }
        ]
    },
    {
        "ORDERNUMBER": 10356,
        "PRODUCTCODE": "S18_1984",
        "attributes": [
            {
                "QUANTITYORDERED": 27,
                "PRICEEACH": 64.69,
                "SALES": 1746.63,
                "ORDERDATE": "12/9/2004 0:00",
                "STATUS": "Shipped",
                "PRODUCTLINE": "Classic Cars",
                "MSRP": 142
            }
        ]
    },
    {
        "ORDERNUMBER": 10356,
        "PRODUCTCODE": "S24_2022",
        "attributes": [
            {
                "QUANTITYORDERED": 26,
                "PRICEEACH": 31.86,
                "SALES": 828.36,
                "ORDERDATE": "12/9/2004 0:00",
                "STATUS": "Shipped",
                "PRODUCTLINE": "Vintage Cars",
                "MSRP": 44
            }
        ]
    },
    {
        "ORDERNUMBER": 10357,
        "PRODUCTCODE": "S18_1097",
        "attributes": [
            {
                "QUANTITYORDERED": 39,
                "PRICEEACH": 98.0,
                "SALES": 3822.0,
                "ORDERDATE": "12/10/2004 0:00",
                "STATUS": "Shipped",
                "PRODUCTLINE": "Trucks and Buses",
                "MSRP": 116
            }
        ]
    },
    {
        "ORDERNUMBER": 10357,
        "PRODUCTCODE": "S18_2432",
        "attributes": [
            {
                "QUANTITYORDERED": 41,
                "PRICEEACH": 61.99,
                "SALES": 2541.59,
                "ORDERDATE": "12/10/2004 0:00",
                "STATUS": "Shipped",
                "PRODUCTLINE": "Trucks and Buses",
                "MSRP": 60
            }
        ]
    },
    {
        "ORDERNUMBER": 10357,
        "PRODUCTCODE": "S18_2949",
        "attributes": [
            {
                "QUANTITYORDERED": 41,
                "PRICEEACH": 87.13,
                "SALES": 3572.33,
                "ORDERDATE": "12/10/2004 0:00",
                "STATUS": "Shipped",
                "PRODUCTLINE": "Vintage Cars",
                "MSRP": 101
            }
        ]
    },
    {
        "ORDERNUMBER": 10357,
        "PRODUCTCODE": "S18_2957",
        "attributes": [
            {
                "QUANTITYORDERED": 49,
                "PRICEEACH": 70.58,
                "SALES": 3458.42,
                "ORDERDATE": "12/10/2004 0:00",
                "STATUS": "Shipped",
                "PRODUCTLINE": "Vintage Cars",
                "MSRP": 62
            }
        ]
    },
    {
        "ORDERNUMBER": 10358,
        "PRODUCTCODE": "S12_3148",
        "attributes": [
            {
                "QUANTITYORDERED": 49,
                "PRICEEACH": 55.34,
                "SALES": 2711.66,
                "ORDERDATE": "12/10/2004 0:00",
                "STATUS": "Shipped",
                "PRODUCTLINE": "Classic Cars",
                "MSRP": 151
            }
        ]
    },
    {
        "ORDERNUMBER": 10358,
        "PRODUCTCODE": "S12_4473",
        "attributes": [
            {
                "QUANTITYORDERED": 42,
                "PRICEEACH": 64.16,
                "SALES": 2694.72,
                "ORDERDATE": "12/10/2004 0:00",
                "STATUS": "Shipped",
                "PRODUCTLINE": "Trucks and Buses",
                "MSRP": 118
            }
        ]
    },
    {
        "ORDERNUMBER": 10358,
        "PRODUCTCODE": "S18_2319",
        "attributes": [
            {
                "QUANTITYORDERED": 20,
                "PRICEEACH": 36.42,
                "SALES": 728.4,
                "ORDERDATE": "12/10/2004 0:00",
                "STATUS": "Shipped",
                "PRODUCTLINE": "Trucks and Buses",
                "MSRP": 122
            }
        ]
    },
    {
        "ORDERNUMBER": 10358,
        "PRODUCTCODE": "S18_3232",
        "attributes": [
            {
                "QUANTITYORDERED": 32,
                "PRICEEACH": 93.49,
                "SALES": 2991.68,
                "ORDERDATE": "12/10/2004 0:00",
                "STATUS": "Shipped",
                "PRODUCTLINE": "Classic Cars",
                "MSRP": 169
            }
        ]
    },
    {
        "ORDERNUMBER": 10358,
        "PRODUCTCODE": "S24_1444",
        "attributes": [
            {
                "QUANTITYORDERED": 44,
                "PRICEEACH": 60.76,
                "SALES": 2673.44,
                "ORDERDATE": "12/10/2004 0:00",
                "STATUS": "Shipped",
                "PRODUCTLINE": "Classic Cars",
                "MSRP": 57
            }
        ]
    },
    {
        "ORDERNUMBER": 10358,
        "PRODUCTCODE": "S24_2840",
        "attributes": [
            {
                "QUANTITYORDERED": 36,
                "PRICEEACH": 82.94,
                "SALES": 2985.84,
                "ORDERDATE": "12/10/2004 0:00",
                "STATUS": "Shipped",
                "PRODUCTLINE": "Classic Cars",
                "MSRP": 35
            }
        ]
    },
    {
        "ORDERNUMBER": 10359,
        "PRODUCTCODE": "S10_4757",
        "attributes": [
            {
                "QUANTITYORDERED": 48,
                "PRICEEACH": 54.68,
                "SALES": 2624.64,
                "ORDERDATE": "12/15/2004 0:00",
                "STATUS": "Shipped",
                "PRODUCTLINE": "Classic Cars",
                "MSRP": 136
            }
        ]
    },
    {
        "ORDERNUMBER": 10359,
        "PRODUCTCODE": "S12_3891",
        "attributes": [
            {
                "QUANTITYORDERED": 49,
                "PRICEEACH": 62.09,
                "SALES": 3042.41,
                "ORDERDATE": "12/15/2004 0:00",
                "STATUS": "Shipped",
                "PRODUCTLINE": "Classic Cars",
                "MSRP": 173
            }
        ]
    },
    {
        "ORDERNUMBER": 10359,
        "PRODUCTCODE": "S50_1514",
        "attributes": [
            {
                "QUANTITYORDERED": 25,
                "PRICEEACH": 64.93,
                "SALES": 1623.25,
                "ORDERDATE": "12/15/2004 0:00",
                "STATUS": "Shipped",
                "PRODUCTLINE": "Trains",
                "MSRP": 58
            }
        ]
    },
    {
        "ORDERNUMBER": 10361,
        "PRODUCTCODE": "S10_1678",
        "attributes": [
            {
                "QUANTITYORDERED": 20,
                "PRICEEACH": 72.55,
                "SALES": 1451.0,
                "ORDERDATE": "12/17/2004 0:00",
                "STATUS": "Shipped",
                "PRODUCTLINE": "Motorcycles",
                "MSRP": 95
            }
        ]
    },
    {
        "ORDERNUMBER": 10361,
        "PRODUCTCODE": "S10_2016",
        "attributes": [
            {
                "QUANTITYORDERED": 26,
                "PRICEEACH": 51.15,
                "SALES": 1329.9,
                "ORDERDATE": "12/17/2004 0:00",
                "STATUS": "Shipped",
                "PRODUCTLINE": "Motorcycles",
                "MSRP": 118
            }
        ]
    },
    {
        "ORDERNUMBER": 10361,
        "PRODUCTCODE": "S24_4278",
        "attributes": [
            {
                "QUANTITYORDERED": 25,
                "PRICEEACH": 62.46,
                "SALES": 1561.5,
                "ORDERDATE": "12/17/2004 0:00",
                "STATUS": "Shipped",
                "PRODUCTLINE": "Planes",
                "MSRP": 72
            }
        ]
    },
    {
        "ORDERNUMBER": 10361,
        "PRODUCTCODE": "S32_4289",
        "attributes": [
            {
                "QUANTITYORDERED": 49,
                "PRICEEACH": 72.33,
                "SALES": 3544.17,
                "ORDERDATE": "12/17/2004 0:00",
                "STATUS": "Shipped",
                "PRODUCTLINE": "Vintage Cars",
                "MSRP": 68
            }
        ]
    },
    {
        "ORDERNUMBER": 10361,
        "PRODUCTCODE": "S50_1341",
        "attributes": [
            {
                "QUANTITYORDERED": 33,
                "PRICEEACH": 82.59,
                "SALES": 2725.47,
                "ORDERDATE": "12/17/2004 0:00",
                "STATUS": "Shipped",
                "PRODUCTLINE": "Vintage Cars",
                "MSRP": 43
            }
        ]
    },
    {
        "ORDERNUMBER": 10361,
        "PRODUCTCODE": "S700_1691",
        "attributes": [
            {
                "QUANTITYORDERED": 20,
                "PRICEEACH": 60.54,
                "SALES": 1210.8,
                "ORDERDATE": "12/17/2004 0:00",
                "STATUS": "Shipped",
                "PRODUCTLINE": "Planes",
                "MSRP": 91
            }
        ]
    },
    {
        "ORDERNUMBER": 10361,
        "PRODUCTCODE": "S700_2047",
        "attributes": [
            {
                "QUANTITYORDERED": 24,
                "PRICEEACH": 45.39,
                "SALES": 1089.36,
                "ORDERDATE": "12/17/2004 0:00",
                "STATUS": "Shipped",
                "PRODUCTLINE": "Ships",
                "MSRP": 90
            }
        ]
    },
    {
        "ORDERNUMBER": 10361,
        "PRODUCTCODE": "S700_2834",
        "attributes": [
            {
                "QUANTITYORDERED": 44,
                "PRICEEACH": 72.42,
                "SALES": 3186.48,
                "ORDERDATE": "12/17/2004 0:00",
                "STATUS": "Shipped",
                "PRODUCTLINE": "Planes",
                "MSRP": 118
            }
        ]
    },
    {
        "ORDERNUMBER": 10361,
        "PRODUCTCODE": "S72_1253",
        "attributes": [
            {
                "QUANTITYORDERED": 23,
                "PRICEEACH": 95.2,
                "SALES": 2189.6,
                "ORDERDATE": "12/17/2004 0:00",
                "STATUS": "Shipped",
                "PRODUCTLINE": "Planes",
                "MSRP": 49
            }
        ]
    }
]
